4720 6004
1042 285 1296 354 -11-

288 497 363 560 hinc
391 496 525 561 debebat
546 496 660 559 elicere
689 497 727 559 A.
758 496 952 560 Schaoferus.
997 501 1029 560 at
1056 496 1281 580 Aristogitonis
1311 497 1468 559 orationes
1498 493 1619 578 aliquot
1649 498 1720 578 pest
1748 494 1907 558 Christum
1938 497 2049 560 natum

288 613 490 698 legebantur,
517 615 663 678 eiusdem
691 615 801 696 procul
830 612 927 680 dubie
955 613 1075 677 farinae
1105 619 1200 698 atque
1222 613 1373 678 Demadis
1401 614 1531 678 inutiles
1560 615 1816 679 declamationes.
1867 619 1931 678 tam
1960 633 2049 678 serae

288 735 398 796 aetatis
426 739 603 798 commenta
631 736 778 797 interisse
808 753 872 797 nen
902 735 1071 817 lugemus?
1115 737 1222 796 contra
1255 753 1296 796 ex
1324 735 1371 796 eis
1398 732 1488 796 libris
1519 735 1575 816 qui
1609 733 1765 798 clarorum
1798 733 1917 798 saeculi
1948 736 2047 818 quarti

288 855 473 936 scriptorum
503 855 632 916 nomina
661 855 785 916 mentiti
815 855 878 916 iam
909 853 1014 916 medie
1049 853 1176 916 saecule
1205 855 1296 916 tortio
1322 854 1354 916 in
1386 851 1590 918 bibliothecas
1617 855 1736 938 recepti
1771 859 1846 917 11111
1879 854 2049 937 aliquando

285 993 397 1056 prosae
425 973 563 1038 Graecae
593 975 695 1056 qualis
724 974 947 1038 diadeohorum
978 975 1252 1056 epigonerurnquo
1285 973 1479 1056 temporibus
1514 974 1709 1040 scribebatur
1740 973 1869 1038 historia
1901 995 2049 1059 magnam

286 1098 406 1175 partem
429 1093 679 1172 concionabitur,
703 1095 854 1177 1111111111
877 1095 946 1158 eius
968 1095 1078 1156 aetatis
1100 1093 1190 1176 plura
1213 1094 1354 1156 ementiti
1376 1095 1515 1158 nominis
1532 1095 1681 1178 splendor
1696 1115 1792 1178 quam
1806 1097 1933 1178 propria
1947 1096 2049 1158 1111111

286 1214 495 1276 conservarit.
541 1234 605 1278 non
626 1213 742 1278 suffieit
764 1214 902 1296 profecte
925 1213 1009 1296 qnod
1033 1216 1155 1277 1111111
1183 1212 1291 1276 Ionem
1314 1212 1530 1278 Monerennm
1558 1213 1711 1298 Hippiam
1734 1234 1798 1278 non
1821 1217 1954 1298 scriptos
1977 1234 2049 1278 esse

286 1331 462 1414 aPlatono,
478 1336 710 1397 macerationes
727 1332 920 1416 Philippicas
936 1332 981 1394 IV
997 1333 1037 1414 V,
1059 1335 1091 1395 in
1107 1333 1356 1416 Aristogitonem
1372 1337 1548 1417 utrarnque,
1571 1335 1724 1398 adversus
1740 1335 1910 1419 Aphobum
1925 1337 2049 1400 tertiam
2070 1313 2075 1320 ⁴

285 1473 304 1514 a
319 1450 543 1534 Demosthene,
567 1454 622 1516 sod
644 1455 758 1538 scripta
778 1455 855 1517 hace
876 1473 947 1517 esse
963 1457 998 1515 111
1012 1450 1174 1516 Ρ11111111
1190 1451 1500 1535 Demosthenieaque
1515 1455 1709 1536 viderentur,
1729 1456 1862 1537 perinde
1879 1476 1916 1519 ae
1930 1457 2049 1541 pleras-

287 1592 348 1657 que
373 1572 529 1637 nobilium
553 1573 718 1636 heminnm
741 1572 894 1656 epistulas
924 1611 964 1618 *
992 1577 1089 1634 restat
1111 1573 1207 1635 altera
1232 1574 1429 1655 quaestionis
1451 1593 1533 1654 pars.
1578 1573 1633 1638 nbi
1655 1574 1715 1638 luit
1736 1575 1883 1640 fraudum
1905 1575 2048 1640 fabrica?

286 1695 414 1778 quando
437 1716 501 1779 quo
523 1696 657 1759 oonsilio
680 1714 743 1778 qua
765 1697 830 1756 arto
853 1694 931 1756 haee
953 1693 1025 1755 ficta
1049 1695 1148 1755 sunt?
1172 1712 1266 1756 neme
1288 1695 1411 1776 estqui
1433 1694 1476 1756 ita
1492 1695 1701 1778 interrogatus
1717 1698 1819 1778 possit
1838 1695 2047 1779 respondere,

284 1817 378 1897 pauci
401 1817 642 1899 interrogarunt.
687 1832 727 1876 en
749 1833 821 1876 area
842 1813 996 1876 latissima
1020 1813 1133 1875 studiis
1156 1813 1271 1875 vestris
1294 1819 1411 1896 aperta,
1434 1814 1690 1878 commilitones„

451 1935 538 1998 Inter
559 1934 657 1997 libros
680 1932 892 1996 Schoemanni
914 1933 1006 1995 hodio
1029 1932 1137 1996 nullus
1159 1933 1290 1996 sortasse
1310 1936 1412 1998 rarius
1432 1934 1547 2016 legitur
1569 1953 1664 2017 quam
1679 1936 1792 2018 Agidis
1815 1941 1847 1999 et
1868 1935 2047 1999 Cleomenis

284 2054 543 2118 Plutarcbeerum
563 2055 659 2118 editio
681 2056 714 2116 in
734 2074 797 2136 qua
819 2054 912 2116 etiam
936 2055 968 2116 in
991 2053 1094 2116 sontes
1115 2057 1251 2117 vitarum
1275 2055 1423 2116 adcurate
1444 2053 1621 2136 inquisivit.
1667 2073 1728 2118 nec
1749 2059 1857 2118 tamen
1880 2059 1935 2119 aut
1955 2057 2048 2119 novis

284 2174 436 2237 subsidiis
465 2177 597 2257 reponis
626 2178 681 2237 aut
709 2173 872 2237 subtiliore
903 2192 1008 2235 rerum
1035 2175 1215 2257 cognitione
1241 2177 1349 2254 parata
1377 2174 1499 2236 inutilis
1523 2175 1550 2236 is
1573 2171 1653 2237 liber
1674 2174 1815 2238 redditus
1838 2177 1900 2238 est:
1932 2177 2050 2239 11111111

284 2313 361 2358 sane
381 2299 431 2356 est
451 2292 610 2357 Plutarchi
632 2295 783 2358 tractandi
803 2295 892 2374 ratic,
915 2294 972 2356 sod
993 2296 1036 2356 ita
1058 2292 1545 2377 111111111νί11111111111111111,
1568 2294 1687 2358 nedum
1703 2293 1969 2376 Seheemannum,
1992 2297 2046 2378 qui

284 2432 379 2496 quarn
404 2415 587 2476 1111111111
610 2413 756 2476 incedere
783 2412 911 2476 solebat.
957 2413 1012 2475 sed
1035 2414 1110 2475 satis
1133 2414 1256 2475 cavisse
1279 2412 1372 2476 nobis
1395 2413 1541 2476 videmur
1563 2433 1604 2476 ne
1626 2433 1700 2496 roo,
1727 2414 1969 2498 commilitones,
1995 2415 2045 2478 his

283 2535 485 2616 potissimum
502 2533 661 2598 erroribus
676 2533 886 2616 abripiamini.
931 2535 1038 2615 itaque
1060 2531 1332 2596 exhortationibus
1354 2533 1531 2614 parcimus:
1556 2552 1628 2596 111
1651 2540 1756 2597 tamen
1779 2535 1840 2597 erit
1859 2533 2045 2618 diligentius

284 2657 432 2738 persequi
448 2655 532 2738 quod
548 2657 582 2716 in
593 2653 863 2717 Hermerotem
879 2653 1074 2735 1113911111
1091 2652 1220 2735 quidem
1237 2653 1292 2716 sed
1307 2653 1414 2735 paullo
1429 2651 1595 2717 obscurius
1611 2653 1730 2716 dietum
1747 2659 1805 2736 est,
1820 2654 2046 2718 Eramnomna

282 2773 473 2856 Plutarchei,
495 2795 590 2858 quam
612 2776 710 2838 vitam
732 2775 766 2836 in
789 2774 901 2855 primis
925 2773 1111 2836 dolebamus
1130 2792 1201 2836 esse
1223 2775 1438 2856 interceptam,
1459 2772 1546 2838 haud
1568 2776 1666 2837 tenue
1689 2775 1913 2858 compendium
1936 2778 2045 2838 extare

282 2896 364 2980 apud
388 2894 589 2959 Pausaniam.
635 2895 690 2977 qui
714 2913 765 2956 res
786 2893 1026 2976 Epaminondae
1048 2895 1124 2956 satis
1147 2893 1293 2957 adcurate
1316 2895 1519 2976 (quamquam
1543 2895 1680 2977 ineptias
1703 2913 1882 2978 numquam
1903 2913 1969 2959 non
1991 2895 2045 2958 ad·

282 3017 395 3078 miscet
424 3019 456 3078 11
480 3014 635 3078 Hadriani
663 3016 784 3078 cultum
807 3015 857 3078 hie
880 3033 1007 3097 quoquo
1030 3033 1105 3096 prae
1129 3032 1163 3075 11
1185 3015 1254 3096 lert)
1281 3015 1418 3076 narravit
1438 3015 1473 3076 in
1495 3013 1653 3077 Boeoticis
1678 3015 1800 3076 13-15
1829 3017 1859 3078 et
1890 3015 1926 3078 in
1948 3016 2045 3079 Ama·

281 3137 361 3200 dieis
386 3138 435 3219 ll,
455 3137 537 3200 4⁸9
565 3135 614 3218 (de
643 3136 839 3219 paragrapho
863 3134 985 3197 decima
1008 3133 1142 3196 dubitari
1167 3137 1290 3215 potest).
1341 3153 1486 3217 (1111111
1506 3115 2044 3220 11111111111111111111111(111111111-

280 3259 379 3341 pserit
405 3258 561 3341 discerpta
583 3257 718 3320 diversis
744 3256 820 3318 locis
842 3273 1016 3338 proponere
1038 3253 1150 3316 callido
1172 3252 1361 3315 eruditionis
1384 3253 1559 3316 simulatori
1581 3255 1615 3316 in
1637 3253 1758 3318 deliciis
1782 3259 1838 3318 est.
1888 3256 1945 3320 ubi
1967 3275 2043 3320 vore

281 3378 358 3441 haec
388 3379 593 3441 coniunxeris
615 3379 714 3440 vitam
739 3375 837 3438 habes
859 3373 1097 3458 Epaminondae
1121 3371 1305 3436 absolutam.
1354 3393 1449 3456 quarn
1471 3393 1537 3436 non
1558 3392 1600 3436 ex
1622 3373 1768 3456 pluribus
1790 3375 1947 3438 historicis
1970 3395 2044 3441 cen·

282 3501 385 3561 sutem
406 3517 478 3560 esse
501 3497 557 3560 sed
577 3495 616 3560 ab
641 3515 705 3560 uno
720 3495 961 3577 Epaminondae
983 3493 1155 3578 biographo
1178 3494 1397 3576 transcriptam
1421 3495 1551 3558 omnino
1569 3493 1733 3577 probabile
1751 3499 1800 3558 est
1824 3498 1858 3558 in
1872 3494 2043 3580 Pausania,
2068 3478 2071 3498 ¹

281 3617 338 3698 qui
358 3616 554 3680 Herodotum
578 3616 707 3700 quidem
728 3620 759 3679 et
781 3612 997 3696 Thucydidem
1020 3617 1147 3698 penitus
1168 3614 1335 3695 inbiberat,
1367 3614 1423 3677 sed
1445 3633 1486 3678 ox
1507 3616 1619 3678 ceteris
1642 3616 1797 3678 historicis
1819 3616 1950 3682 fortasse
1972 3619 2044 3680 nul-

280 3737 347 3800 lum
369 3738 457 3821 legit:
482 3739 565 3800 corte
587 3755 651 3799 non
675 3737 764 3798 novit
784 3733 959 3799 Isocratoes
984 3739 1038 3798 aut
1059 3733 1228 3798 Philistum
1250 3739 1304 3798 aut
1324 3733 1520 3798 Hecataeum
1542 3739 1596 3798 aut
1616 3734 1849 3816 Hieronymum
1873 3740 1927 3800 aut
1948 3735 2043 3817 Poly·

280 3855 370 3920 bium
400 3861 454 3920 aut
481 3855 704 3934 Posidonium3
734 3855 772 3917 de
795 3853 923 3917 Timaeo
951 3874 1002 3916 ros
1032 3854 1173 3917 nendum
1202 3858 1293 3917 certa.
1338 3854 1401 3918 iam
1423 3875 1499 3919 vero
1522 3856 1612 3939 plura
1634 3859 1762 3920 seimus.
1807 3857 1926 3920 eximia
1947 3856 2041 3920 laude

279 3977 397 4060 dignus
425 3981 473 4039 cst
495 3977 653 4040 Nissonus
685 3978 739 4059 qui
767 3974 1047 4058 Philopoemenem
1076 3973 1298 4037 Plutarchoum
1329 3973 1533 4038 aPausania
1562 3981 1746 4060 excerptum
1777 3994 1848 4038 esse
1875 3975 1985 4038 subtili
2012 3981 2044 4039 et

280 4101 369 4160 acuta
397 4097 619 4180 disquisitione
648 4095 884 4159 demonstravit.
941 4099 1047 4178 itaque
1075 4114 1233 4158 summam
1262 4093 1489 4178 probabilitatis
1512 4099 1651 4180 speciem
1673 4099 1854 4160 coniectura
1873 4096 1983 4160 eadem
2007 4098 2042 4160 in

279 4217 499 4301 Epaminonda
522 4236 578 4302 per
599 4236 633 4280 sc
655 4215 756 4280 habet.
807 4217 863 4279 sod
886 4216 1040 4280 accedunt
1061 4220 1248 4300 argumenta
1270 4216 1385 4280 idonea
1406 4218 1465 4280 tria
1487 4217 1606 4301 quibus
1628 4219 1681 4282 vol
1703 4219 1812 4282 invitis
1836 4221 2043 4302 extorquetur

279 4335 444 4398 adsensus.
491 4335 635 4400 laudatur
655 4333 893 4419 Epaminondas
916 4355 935 4398 a
953 4331 1113 4399 Pausania
1135 4340 1297 4418 tamquam
1318 4355 1463 4400 summus
1486 4336 1677 4400 Graecorum
1700 4330 2042 4426 (1111,Λαιιεδαιμονίων

280 4454 333 4540 μὲν
355 4449 412 4542 γὰρ
434 4458 484 4517 καὶ
503 4452 669 4522 Ἀθηναίων
690 4465 753 4528 τοῖς
771 4445 900 4541 ἡγεμόσι
920 4446 1040 4517 πόλεων
1061 4475 1096 4517 τε
1119 4447 1238 4542 ἀξίωμα
1259 4449 1388 4542 ὑπῆρχεν
1411 4457 1445 4518 ἐκ
1466 4461 1597 4520 παλαιοῦ
1620 4460 1670 4520 καὶ
1693 4465 1719 4520 ei
1736 4464 1920 4545 στρατιῶται
1935 4451 2041 4547 φρονί-

279 4600 376 4662 parrer
395 4571 432 4638 τὸ
453 4580 517 4638 ἴσον
538 4580 671 4662 ἔχοντες·
696 4576 843 4657 Θηβαίους
866 4568 901 4636 δὲ
919 4567 1168 4660 Ἐπαμεινώνδας
1188 4567 1325 4661 ἀθύμους
1345 4571 1401 4650 τὰς
1421 4569 1543 4664 γνώμας
1565 4580 1615 4640 καὶ
1635 4573 1738 4640 ἄλλων
1759 4571 1876 4643 ἀκούειν
1891 4573 2041 4656 εἰωθότας

279 4695 427 4782 ἀπέφηνεν
447 4697 478 4758 ἐν
499 4695 533 4759 οὐ
553 4701 659 4778 πολλῷ
682 4688 897 4784 πρωτεύοντας.
942 4698 992 4761 1111
1014 4699 1160 4782 <quisquis
1177 4695 1380 4762 Plutarchum
1402 4698 1483 4763 bono
1506 4702 1594 4763 novit
1609 4699 1720 4764 Boeoti
1743 4703 1902 4785 scriptoris
1922 4704 2040 4786 patriae

278 4819 488 4882 amantissimi
523 4823 645 4882 tantum
681 4837 744 4882 nen
777 4821 848 4901 ipsa
877 4818 974 4882 verba
1003 4819 1117 4882 audiet.
1169 4820 1290 4883 accedit
1318 4821 1457 4903 gravius.
1510 4819 1764 4902 Epaminondam
1797 4827 1829 4886 et
1858 4822 2040 4908 Scipionem

277 4939 465 5004 Africanum
493 4941 650 5003 minorem
678 4959 742 5003 uno
769 4959 872 5022 eoque
901 4940 1004 5021 primo
1026 4939 1163 5002 vitarum
1185 4940 1406 5024 parallelorum
1428 4939 1508 5003 libro
1530 4942 1764 5025 conprehensos
1786 4943 1886 5008 fuisse
1910 4944 2040 5008 demen-

278 5063 388 5125 stravit
409 5062 457 5125 vir
479 5062 606 5144 egregie
627 5062 667 5124 de
689 5059 857 5126 Plutarcho
880 5061 1012 5123 meritus
1034 5058 1066 5124 Ο.
1082 5057 1137 5124 Th.
1154 5059 1326 5125 Michaelis.
1371 5061 1485 5124 seriem
1509 5065 1615 5126 autem
1634 5063 1771 5126 vitarum
1787 5063 1825 5126 ab
1842 5066 1889 5127 eis
1904 5083 2040 5128 exorsus

278 5189 327 5246 est
348 5181 535 5247 Plutarchus
565 5187 600 5246 ut
630 5201 792 5246 summum
819 5181 1011 5246 Graecorum
1040 5201 1114 5246 curn
1144 5202 1269 5248 summo
1292 5181 1510 5248 Romanorum
1541 5185 1607 5247 viro
1634 5189 1843 5269 componeret.
1898 5206 1938 5250 ne
1969 5188 2040 5268 quis
