4720 6004
1063 308 1339 426 1--.-Εο---

329 539 424 604 guae
451 517 803 602 Franco-Gallicae,
831 525 1002 604 praecipuo
1031 524 1180 588 historiae
1209 527 1487 609 grammaticorum
1515 529 1609 610 atque
1637 529 1881 609 comparationis
1915 527 2100 610 linguarum

328 636 579 706 Romanicarum
598 642 753 704 rationem
776 640 941 706 habiturus
965 642 1089 706 docebit
1110 644 1191 708 dieb.
1213 643 1293 708 Lun.
1323 649 1354 708 ct
1380 644 1468 744 Mart.
1498 645 1564 708 hor.
1589 644 1617 707 ll
1642 651 1673 709 et
1694 644 1759 725 Ill,
1793 648 1823 725 2)
1851 648 2100 710 semina-rium

328 759 565 844 philologiae
589 759 925 826 Franco-Gallicae
949 767 985 826 et
1005 763 1192 846 Anglicae
1212 783 1249 828 eo
1273 763 1383 827 ordine
1406 763 1629 846 moderabitur,
1651 769 1687 828 ut
1707 765 1792 829 binis
1816 767 1902 830 horis
1916 769 1950 831 in
1964 772 2098 854 utraque

327 878 439 963 lingua
461 880 690 964 disputationes
713 881 1014 966 dissertationesqne
1036 882 1114 946 alias
1136 902 1214 965 voce
1236 884 1314 948 alias
1336 886 1599 968 perscriptorem
1619 886 1779 950 faciendas
1803 891 1970 952 curaturus
1993 890 2034 950 sit
2048 889 2099 955 die

328 999 422 1064 Marc.
446 1000 512 1062 hor.
536 995 569 1060 ll
590 1002 622 1063 et
641 997 700 1081 ΠΙ,
722 999 774 1063 die
794 999 856 1064 Sat.
880 999 946 1063 hor.
968 999 1002 1063 X
1024 1005 1055 1064 et
1075 998 1129 1064 XI.

988 1167 1046 1232 en.
1069 1168 1102 1232 c.
1123 1168 1282 1254 masna,
1303 1193 1330 1236 Ρ.
1354 1193 1381 1236 Ρ.
1404 1193 1432 1236 Ε.

497 1319 549 1384 Ab
569 1318 671 1384 officio
695 1320 818 1384 scholas
838 1341 896 1404 per
917 1322 978 1386 hoc
999 1328 1152 1388 semestre
1173 1324 1311 1390 habendi
1332 1324 1484 1390 liberatus
1506 1329 1564 1390 est.

976 1488 1034 1555 Da.
1059 1490 1100 1556 M.
1125 1491 1296 1576 SCHOLZ,
1319 1515 1346 1559 r.
1368 1515 1396 1558 r.
1421 1515 1448 1558 Ε.

494 1641 675 1728 I)Pnblice
705 1647 1008 1712 exercitationes
1037 1649 1336 1732 mineralogicas
1364 1652 1511 1715 instituet
1535 1651 1600 1714 hor.
1626 1650 1686 1714 del.
1714 1687 1755 1696 -
1781 1648 1823 1730 Π)
1845 1647 1998 1713 Privatim
2020 1649 2097 1712 ele-

326 1768 453 1828 menta
474 1766 751 1850 mineralogiae
773 1765 916 1830 tractabit
938 1785 1012 1830 eum
1034 1768 1234 1851 pharmaciae
1258 1773 1290 1832 et
1310 1770 1488 1834 medicinae
1511 1771 1665 1835 studiosis
1688 1771 1739 1835 die
1754 1768 1848 1834 lderc.
1865 1769 1930 1832 hor.
1947 1767 1980 1832 Il
1994 1774 2026 1832 et
2040 1767 2096 1831 ΙΙΙ.

909 1951 968 2016 Da.
991 1951 1029 2016 B.
1052 1951 1364 2038 llssNNIGERODE,
1386 1977 1413 2019 Ε.
1438 1977 1466 2020 1³.
1490 1976 1518 2021 Ε.

495 2104 525 2190 Ι)
547 2104 679 2172 Publice
702 2109 1003 2172 exercitationes
1025 2110 1064 2172 in
1086 2112 1293 2176 seminario
1316 2112 1581 2176 mathematico
1604 2112 1820 2176 moderabitur
1833 2111 1884 2174 die
1900 2108 1963 2173 Sat.
1981 2109 2046 2173 hor.
2063 2107 2097 2172 X

326 2229 359 2289 et
384 2223 443 2290 Xl.
469 2263 510 2274 -
540 2225 583 2308 ll)
607 2225 758 2290 Privatim
784 2228 813 2306 1)
837 2227 1025 2293 calculum
1049 2229 1349 2295 differentialem
1372 2235 1408 2295 et
1427 2233 1653 2316 integralem
1669 2231 2000 2316 docebitquinquiens
2015 2250 2045 2312 p.
2063 2230 2093 2291 h.

324 2345 390 2410 hor.
415 2344 464 2426 X;
498 2347 528 2428 2)
550 2348 673 2430 capita
695 2347 837 2411 selecta
858 2347 1038 2430 physices
1060 2351 1349 2416 mathematicae
1371 2350 1472 2416 tradet
1495 2355 1607 2436 quater
1627 2371 1658 2434 p.
1683 2353 1711 2416 h.
1734 2353 1801 2416 hor.
1822 2350 1880 2416 IX.

918 2533 977 2600 De
1003 2535 1037 2600 ll.
1059 2533 1335 2620 BAUMSTARK,
1366 2557 1394 2602 r.
1418 2559 1446 2603 r.
1470 2558 1497 2604 Ε.

492 2684 518 2768 Ι)
540 2682 671 2752 Publice
693 2689 733 2752 de
760 2690 1012 2754 alcaloidibus
1037 2693 1171 2758 disseret
1190 2694 1241 2757 die
1255 2691 1336 2758 Lun.
1353 2694 1419 2758 hor.
1437 2692 1493 2756 IV.
1515 2731 1550 2739 -
1569 2691 1611 2774 ΙΙ)
1626 2691 1779 2756 Privatim
1797 2695 1824 2776 1)
1844 2694 2027 2757 chemlam
2041 2695 2096 2757 fo-

325 2823 476 2870 rensem
498 2805 623 2872 docebit
646 2807 728 2872 dieb.
752 2809 841 2874 Mart
864 2813 896 2874 et
917 2810 1011 2875 Mero.
1035 2812 1101 2876 hor.
1127 2811 1183 2893 IV3
1207 2814 1240 2895 2)
1261 2813 1464 2900 hygieines
1488 2817 1632 2895 partem
1654 2814 1826 2900 primam,
1850 2817 1885 2876 ot
1905 2833 1984 2876 earn
2008 2816 2091 2897 qui-

325 2925 422 3006 dem,
449 2928 490 2988 in
523 2946 595 3010 qua
622 2927 666 2992 de
703 2929 893 2994 alimentis
919 2936 956 2993 et
977 2929 1135 2996 cibariis
1157 2933 1387 3016 voluptariis
1410 2952 1618 3016 eorumque
1641 2932 1992 2998 adulterationibus
2015 2936 2094 3016 agi-

323 3047 398 3126 tur,
420 3045 520 3109 tradet
542 3045 591 3109 bis
611 3066 641 3129 p.
664 3047 695 3110 lr.
718 3048 784 3113 hor.
809 3049 868 3114 del.

956 3216 1015 3282 Da.
1044 3216 1077 3281 G.
1101 3215 1168 3283 ΤΗ.
1198 3217 1298 3302 PYL,
1329 3240 1356 3286 Ε.
1380 3241 1407 3284 r.
1431 3240 1459 3286 Ε.

492 3367 518 3450 Ι)
540 3367 672 3434 Publice
698 3372 948 3454 antiquitates
974 3369 1220 3436 Pomeraniae
1241 3393 1309 3436 nec
1335 3392 1409 3437 non
1433 3375 1644 3439 doctrinam
1668 3393 1905 3439 nummorum
1926 3377 2092 3460 insigni-

322 3510 460 3574 umque
484 3491 660 3555 secundum
684 3495 892 3556 monumenta
910 3492 1024 3554 artium
1046 3492 1286 3577 litterarumque
1309 3493 1453 3558 tractabit
1473 3494 1523 3557 bis
1546 3516 1574 3578 p.
1599 3495 1628 3556 h.
1648 3495 1713 3557 hor.
1737 3494 1795 3558 XI.
1819 3533 1860 3542 -
1883 3493 1925 3576 ΙΙ)
1941 3493 2092 3558 Privatim

322 3611 518 3675 historiam
547 3613 684 3676 artium
713 3611 829 3675 medii
857 3613 1026 3696 novique
1048 3614 1132 3675 aevi
1155 3613 1280 3677 docebit
1300 3612 1349 3677 bis
1370 3636 1398 3698 p.
1423 3615 1452 3678 lr.
1480 3615 1544 3678 hor.
1566 3613 1623 3678 ΧΙ.
1649 3653 1689 3662 -
1707 3613 1766 3697 ΠΙ)
1790 3614 2009 3680 Privatissime
2032 3615 2088 3678 sed

321 3731 419 3812 gratis
442 3733 742 3796 exercitationes
763 3732 1031 3814 diplomaticus
1054 3734 1199 3798 instituet
1220 3732 1269 3798 bis
1288 3753 1320 3816 p.
1343 3734 1371 3797 h.
1397 3735 1461 3798 her.
1483 3734 1541 3798 XI.

958 3994 992 4066 a)
1011 3993 1203 4053 rarvnrnr
1223 3995 1459 4055 nocnnrrun.

975 4169 1033 4236 Da.
1057 4171 1091 4236 P.
1118 4171 1241 4258 VOGT,
1263 4195 1345 4240 rara
1369 4197 1438 4242 ooo.

488 4322 513 4404 Ι)
529 4321 661 4388 Publice
682 4343 739 4408 per
759 4325 917 4407 posterius
938 4326 1095 4390 trimestre
1128 4331 1431 4396 exercitationes
1465 4331 1617 4407 Geticas
1640 4331 1857 4396 moderabitur
1883 4331 1983 4398 semol
2005 4351 2041 4415 p·
2059 4331 2088 4396 h.

324 4443 388 4506 hor.
413 4443 474 4506 def.
497 4481 538 4490 -
559 4442 604 4526 ΙΙ)
627 4442 779 4508 Privatim
800 4448 1081 4527 grammaticam
1102 4445 1349 4514 Pheodiscam
1365 4450 1489 4516 docebit
1504 4455 1616 4535 quater
1629 4471 1660 4534 p.
1676 4452 1706 4516 h.
1726 4452 1791 4516 hor.
1805 4450 1893 4516 vul.

862 4630 921 4695 Da.
944 4629 1038 4697 (ΖΕΒ.
1062 4632 1549 4721 LUETIOHANN,ra1v.ooc.

488 4783 620 4849 PubHce
650 4786 855 4849 Aeschinis
889 4786 935 4850 de
969 4788 1069 4854 falsa
1095 4791 1293 4876 legatione
1320 4797 1529 4861 orationem
1559 4795 1824 4881 interpretandam
1852 4800 2010 4880 proponet
2038 4795 2090 4859 die

319 4903 400 4969 Lun.
423 4905 488 4969 hor.
512 4903 568 4968 ΠΙ.
2133 4901 2136 4909 ’

868 5024 927 5090 Da.
949 5025 1165 5100 RICARDUS
1189 5032 1348 5119 MUOIOE,
1369 5056 1449 5100 rarv.
1473 5057 1539 5101 noc.

487 5178 513 5262 Ι)
537 5178 669 5244 Publice
696 5180 735 5244 de
758 5183 875 5245 sectis
905 5183 1092 5269 politioiS,
1112 5167 1211 5272 ¹quae
1233 5191 1345 5256 hodie
1369 5193 1406 5254 in
1432 5191 1633 5260 Germania
1655 5199 1803 5278 extant,
1825 5201 1897 5281 aget
1918 5198 1970 5264 die
1992 5195 2088 5268 Mero.
