4720 6004
1055 295 1283 336 -.,..

286 476 356 540 aliis
377 477 540 543 codicibus
563 485 718 562 eonupta,
748 485 781 544 ut
801 485 904 544 umen
937 485 1079 546 recensio
1107 483 1197 545 i'acile
1224 488 1389 565 recuperet
1411 485 1484 568 φασὶ
1505 475 1543 552 δὴ
1567 477 1706 568 ποταμὸν
1726 473 1856 554 ληδανὸν
1876 474 2043 542 ὑακίνθινον

285 589 510 684 πεπικαδμένον
537 593 626 684 εὑρεῖν
657 593 735 662 ὤιον.
789 602 871 664 pnde
902 605 957 684 qui
989 621 1101 666 versus
1127 602 1339 686 exculpobant
1369 605 1400 665 in
1427 603 1485 665 hoe
1512 605 1591 666 nriro
1622 603 1738 666 iudicio
1762 600 1987 682 conspirabant
2009 604 2043 662 ut

286 707 424 800 ποταμόν
452 709 582 787 ληδανόν
610 737 651 782 ex
679 741 754 781 ποτε
786 711 903 796 Λήδαν,
932 722 1016 803 quod
1046 723 1129 804 apud
1159 721 1358 786 Athenaeum
1385 727 1448 802 est,
1478 721 1703 786 arbitrarentur
1732 727 1922 807 corruptum.
1967 719 2042 782 indo

286 839 410 900 numen
438 839 534 909 nulli.
564 859 684 922 susque
706 841 809 923 deque
831 847 952 904 cuneta.
1001 841 1088 924 atqui
1114 859 1165 903 res
1187 841 1424 924 simplicissima
1447 847 1508 914 ost;
1542 861 1648 924 nequo
1668 843 1785 906 residet
1805 841 1956 906 dubitatio
1979 841 2042 904 nisi
2134 917 2137 923 Δ

285 959 318 1020 in
349 958 468 1022 ultimis
498 961 634 1042 voculis,
665 963 781 1044 quippe
802 963 836 1023 in
859 982 995 1045 quarum
1016 963 1231 1026 conlocatione
1254 967 1350 1026 testes
1372 961 1536 1025 dissidant.
1583 963 1746 1024 nescimus
1768 967 1874 1026 utrum
1896 961 2041 1044 Sapphus

285 1098 411 1142 carmen
438 1098 480 1142 ex
509 1081 647 1162 priapois
675 1082 849 1144 constiterit
876 1076 957 1143 κατὰ
987 1083 1089 1166 στίχον
1115 1085 1257 1166 repetitis
1286 1103 1326 1146 an
1354 1103 1396 1146 ex
1420 1083 1585 1166 glyconeis
1613 1075 1694 1143 κατὰ
1722 1080 1822 1166 σχέσιν
1850 1083 2042 1145 continuatis

283 1198 497 1261 intercedente
527 1194 607 1260 κατὰ
632 1194 833 1285 περιορισμοὺς
862 1198 976 1275 ἀνίσους
1003 1203 1212 1284 pherecrateo.
1257 1175 1499 1282 hyacinthinum
1522 1202 1734 1286 ovum·quale
1757 1206 1843 1266 esset
1864 1222 1928 1265 non
1951 1203 2042 1264 intel-

284 1317 483 1402 legebamus:
514 1319 754 1398 hyacintbinum
782 1322 844 1384 dici
866 1321 1015 1384 Eurotam
1044 1321 1178 1386 libenter
1200 1323 1364 1402 audimuS‚
1388 1342 1582 1406 quamquam
1605 1327 1711 1386 utrum
1736 1321 1774 1385 ab
1798 1322 1976 1402 hyacinthis
2000 1323 2042 1385 ita

284 1437 404 1502 (licetur
431 1459 471 1501 an
502 1438 540 1502 ab
565 1438 745 1520 Hyacinthe
774 1461 838 1503 non
865 1447 913 1503 cst
941 1461 1003 1524 quo
1034 1441 1254 1506 diiudicemus.
1306 1443 1381 1506 haec
1403 1443 1499 1526 igitur
1522 1463 1586 1506 non
1610 1445 1680 1506 sine
1704 1442 1865 1525 voluptate
1886 1443 2040 1506 lecturum

284 1577 356 1621 csse
378 1557 571 1622 Kekuleium
594 1579 760 1641 speramus

911 1688 993 1764 φαῖσι
1014 1669 1052 1746 δή
1074 1701 1155 1740 ποτα
1176 1671 1280 1748 Λήδαν

577 1795 614 1860 ον’
642 1795 810 1858 ὑακίνθινον
830 1789 968 1883 πόταμον
990 1789 1216 1881 πεπικάδμενον
1238 1793 1308 1860 ὤιον

578 1911 661 2003 salpae

451 2055 635 2118 Athenaeus
652 2075 705 2118 xiv
721 2055 782 2117 616
799 2075 844 2138 sq.
868 2054 984 2119 librum
1007 2059 1167 2138 excerpsit
1188 2058 1289 2141 ignoti
1311 2057 1458 2136 auctoris,
1482 2055 1538 2118 sed
1552 2057 1609 2117 rix
1625 2061 1696 2138 post
1711 2075 1743 2118 ιιι
1758 2075 1784 2118 a.
1802 2054 1856 2118 Cb.
1877 2057 2041 2120 saeculum

284 2177 446 2258 scriptum,
467 2177 519 2238 cui
541 2193 615 2237 cum
638 2174 700 2237 alia
721 2173 1111 2258 dithyrambographorum
1134 2175 1287 2240 debemus
1308 2176 1492 2259 fragmenta,
1514 2180 1582 2238 tum
1598 2173 1756 2239 Paruulus
1777 2177 1988 2261 hyporehema
2011 2183 2042 2241 et

284 2299 425 2360 numeris
452 2300 483 2358 et
510 2295 613 2358 vorbis
643 2303 674 2358 et
702 2298 867 2359 sententiis
896 2298 1012 2380 pariter
1036 2296 1265 2360 admirandum.
1301 2301 1503 2379 anapaestos
1525 2289 1605 2358 κατὰ
1628 2295 1728 2380 σχέσιν
1751 2299 1820 2360 sine
1842 2299 2040 2380 paroemiaco

283 2417 482 2480 continuatos
512 2417 630 2499 excipit
655 2435 759 2498 genus
785 2415 863 2480 illud
891 2418 976 2498 quod
1004 2421 1036 2479 ot
1062 2417 1158 2500 vidgo
1188 2419 1303 2480 dicitur
1325 2425 1356 2480 et
1377 2415 1417 2480 ab
1441 2419 1510 2500 ipso
1532 2415 1660 2480 Pratina
1683 2417 1802 2481 dietum
1827 2423 1876 2482 est
1896 2417 2039 2483 Dorium.

284 2535 369 2617 quod
393 2536 546 2618 singulari
570 2537 664 2620 plane
685 2537 815 2600 artifieio
838 2539 879 2599 ita
903 2536 1130 2599 conformatum
1154 2540 1202 2598 ost
1221 2539 1256 2597 ut
1277 2536 1397 2617 primae
1420 2537 1542 2598 tantum
1564 2535 1684 2618 periodi
1707 2535 1858 2600 membris
1878 2537 2039 2618 dactylicis

283 2657 455 2718 instructae
479 2657 551 2736 sint,
573 2677 647 2719 mox
668 2657 734 2720 sola
756 2657 911 2720 trochaica
934 2661 1031 2719 metra
1056 2661 1087 2719 et
1108 2655 1319 2719 solutionibus
1344 2660 1375 2719 et
1397 2655 1643 2720 detractionibus
1658 2676 1760 2738 paene
1776 2657 1815 2721 ad
1830 2637 2040 2738 Aeschyleam

283 2776 406 2858 copiam
436 2775 583 2838 distincta
609 2782 798 2860 sequantur,
827 2777 965 2859 donique
988 2775 1184 2858 dactylorum
1206 2777 1276 2838 vice
1306 2775 1501 2859 ithyphalliei
1530 2775 1716 2860 fungantur,
1747 2797 1810 2860 qua
1839 2778 2040 2859 copulatione

283 2893 439 2958 Pindarus
463 2896 592 2978 quidem
620 2896 813 2960 abstinuisse
836 2897 971 2978 ridetur,
999 2895 1217 2976 dithyrambus
1241 2897 1365 2958 Atticus
1387 2915 1463 2958 voro
1486 2897 1520 2958 in
1541 2898 1651 2978 primis
1679 2897 1851 2960 delectatus
1873 2903 1930 2960 est.
1975 2917 2039 2960 non

283 3035 453 3099 possumus
481 3016 582 3080 faeere
613 3019 691 3100 quin
718 3019 857 3101 integros
885 3019 1084 3100 adponamus
1107 3036 1238 3087 versus,
1269 3035 1463 3099 quamquam
1493 3016 1636 3098 plerique
1667 3035 1740 3079 oum
1771 3016 1809 3079 ab
1837 3019 1907 3080 aliis
1933 3021 2041 3080 tuma

281 3135 418 3220 Bergkio
441 3141 525 3198 recte
547 3141 578 3198 et
598 3136 741 3218 discripti
765 3143 841 3200 suut
862 3141 893 3200 et
913 3136 1080 3200 emendati.
1633 3143 1634 3148 ’

574 3308 618 3380 τίς
640 3302 655 3370 ὁ
681 3299 805 3393 θόρυβος
827 3299 895 3386 ‘dtu
918 3307 947 3368 τί
968 3297 1044 3368 τάδε
1066 3301 1105 3367 τὰ
1126 3297 1316 3392 χορεύματα;
1339 3305 1384 3378 τίς
1405 3303 1484 3391 ὕβρις
1507 3307 1613 3390 ἔμολεν
1635 3307 1682 3368 ἐπὶ

659 3418 833 3490 ,λιονυσιάδα
856 3417 1060 3509 πολυπατάγα
1082 3425 1234 3510 θυμέλαν,
1257 3419 1328 3510 ἐμὸς
1349 3418 1420 3510 ἐμὸς
1443 3418 1459 3486 ὁ
1484 3416 1617 3511 Βρόμιος,

658 3544 712 3632 ἐμὲ
734 3538 781 3608 δεῖ
800 3539 944 3623 κελαδεῖν,
964 3544 1018 3630 έμὲ
1040 3537 1087 3607 δεῖ
1105 3555 1252 3630 παταγεῖν
1273 3541 1312 3605 ἀν’
1341 3537 1411 3631 ὄρεα
1434 3535 1557 3629 σύμενον
1580 3542 1658 3631 μετὰ
1682 3537 1823 3607 λαιάδιιιν

511 3751 518 3768 Ι
576 3657 678 3729 οἷοίτε
701 3657 806 3728 κύκνον
827 3659 943 3750 ἄγοντα
964 3655 1194 3749 ποικιλόπτερον
1216 3663 1315 3748 μέλος.

574 3783 630 3850 τὰν
651 3779 755 3849 ἀοιδὰν
777 3785 947 3849 κατέστασε
970 3786 1071 3871 Πιερὶς
1093 3785 1258 3866 βασίλειαν·
1282 3779 1297 3847 ὁ
1321 3776 1347 3846 δ’
1372 3780 1464 3858 αὐλὸς

574 3905 696 3992 ὕστερον
718 3905 882 3992 χορευέτω·
906 3900 1032 3991 καὶγὰρ
1055 3904 1117 3967 ἐσθ’
1142 3899 1302 3990 ὑπηρέτας·

573 4019 686 4112 κώμοις
708 4018 796 4110 μόνον
814 4019 1001 4112 θυραμάχοις
1023 4048 1058 4088 τε
1080 4025 1277 4111 πυγμαχίαισι
1298 4025 1371 4087 νέων
1393 4025 1482 4088 θέλοι
1501 4027 1646 4113 παροίνιον

574 4150 697 4232 ἔμμεναι
718 4137 937 4232 στρατηλάτας.

574 4271 649 4329 παῦε
672 4261 725 4328 τὸν
746 4267 861 4352 φρυνέου
881 4266 1017 4329 ποικίλου
1038 4259 1129 4326 πνοὰν
1151 4263 1271 4348 χέοντα,

576 4386 669 4473 φλέγε
689 4381 742 4449 τὸν
764 4377 1074 4470 ὀλεσισιαλοκάλαμον
1095 4375 1309 4469 λαλοβαρύοπα
1331 4376 1776 4471 βραδυπαραμελορυθμοβάταν

577 4511 668 4569 θῶπα
689 4497 827 4592 τρυπάνῳ
851 4498 944 4591 δέμας
967 4503 1183 4590 πεπλασμένον.

574 4623 610 4696 ἦν
632 4618 704 4705 ἰδού,
728 4620 782 4688 ἅδε
806 4628 852 4688 σοὶ
872 4616 965 4703 δεξιά,
990 4623 1040 4686 καί
1061 4617 1154 4698 ποδὸς
1176 4615 1320 4711 διαρριφά,
1344 4615 1651 4710 θριαμβοδιθύραμβε,

575 4739 740 4833 κισσόχαιτ’
768 4737 842 4819 ἄναξ
863 4741 954 4808 ἄκουε
978 4739 1034 4807 ταν
1056 4739 1130 4830 ἐμὰν
1152 4735 1262 4830 Δώριον
1283 4745 1408 4831 χορείαν.

280 4941 309 4982 ν.
330 4919 345 4981 l
369 4920 454 4982 θέλει
474 4919 591 4984 codicis
614 4921 866 5002 emendavimus
889 4921 991 4982 cetera
1012 4915 1183 5000 aBergliio
1199 4935 1263 4978 non
1283 4915 1469 4997 discrepant.
1516 4915 1571 4978 sed
1594 4937 1623 4977 ν.
1642 4917 1660 4979 9
1682 4917 1787 4980 locum
1803 4917 1864 4980 sibi
1886 4917 2039 5000 flagitavit

280 5039 420 5123 Emperii
443 5044 662 5106 acutissimum
680 5043 858 5122 inventum,
882 5041 937 5122 qui
959 5038 1075 5125 φρυνίου
1097 5057 1139 5100 ex
1163 5034 1307 5122 φρυναίου,
1330 5025 1421 5097 πνοάν
1442 5055 1483 5098 ex
1505 5058 1597 5122 προαν
1618 5037 1706 5115 ίυυὶί;
1730 5036 1842 5122 χέοντα
1863 5056 1904 5100 ex
1928 5040 2038 5122 ἔχοντα

210 5233 213 5240 ,
280 5163 334 5226 alii
364 5161 499 5246 quodam
533 5162 626 5226 modo
655 5167 839 5247 praeierant.
885 5162 1001 5226 summi
1030 5159 1127 5222 critici
1159 5162 1239 5224 erat,
1274 5159 1397 5221 varium
1428 5155 1588 5220 bubonem
1613 5161 1699 5223 vario
1729 5179 1828 5240 υγουο
1857 5161 2037 5242 oppositum
2069 5167 2071 5172 '
