4720 6004
1060 238 1312 317 „17-

856 457 913 521 Da.
933 455 966 520 F.
992 455 1179 538 somma,
1202 476 1303 540 raon,
1324 477 1407 522 rmv.
1432 479 1501 523 noo.

466 613 618 678 Privatim
641 613 829 676 elementa
849 614 1061 676 anatomiae
1083 615 1318 695 comparatae
1340 612 1483 678 tractabit
1505 611 1585 677 dieb.
1611 613 1704 677 Mero.
1729 617 1761 677 et
1782 615 1863 679 Van.
1888 615 1954 680 hor.
1978 613 2034 678 IV.

877 797 935 863 Da.
959 799 1000 863 Μ.
1026 795 1388 878 sambucarum.
1413 819 1481 864 noc.

466 957 494 1026 ll
515 955 648 1020 Publice
670 954 709 1017 de
727 954 1017 1039 operationibus
1038 957 1074 1018 in
1095 953 1406 1062 extremitatibus
1428 955 1685 1020 instituendis
1713 957 1848 1020 disseret
1871 955 1953 1020 dieb.
1982 955 2064 1018 Lon.

298 1083 329 1142 et
344 1078 409 1141 lov.
422 1078 487 1140 hor.
501 1075 540 1140 V.
558 1114 598 1122 -
613 1073 655 1156 il)
671 1073 824 1138 Privatim
838 1076 1065 1138 anatomiam
1080 1075 1334 1158 chirurgioam
1348 1075 1695 1140 demonstrationes
1711 1075 1910 1141 additurus
1921 1076 2065 1142 tractabit

296 1197 378 1264 dieb.
402 1197 491 1262 Mart.
515 1199 546 1261 et
566 1195 651 1260 Van.
672 1195 738 1258 hor.
763 1191 803 1256 V.

844 1337 903 1402 Da.
926 1337 960 1400 F.
985 1357 1026 1400 nn
1049 1333 1314 1420 PREUSOHEN,
1339 1353 1421 1400 rnrv.
1444 1355 1513 1402 noc.

464 1494 616 1560 Privatim
640 1495 671 1576 1)
693 1494 877 1557 theoriam
899 1494 991 1556 artis
1018 1490 1265 1555 obstetricias
1301 1489 1426 1554 docebit
1454 1491 1536 1555 dieb.
1563 1490 1644 1557 Lun.
1680 1494 1773 1558 Marc.
1800 1493 1866 1561 Iov.
1899 1497 1964 1561 hor.
2001 1495 2064 1578 VI;

297 1620 327 1699 2)
349 1616 607 1701 pathologiam
628 1617 664 1678 et
684 1614 896 1698 therapiam
917 1613 1100 1696 puerperi
1121 1609 1266 1675 tractabit
1287 1609 1368 1674 dieb.
1394 1609 1483 1674 Mart.
1505 1616 1537 1676 ot
1555 1609 1637 1676 Ven.
1661 1615 1725 1678 hor.
1753 1611 1809 1678 VI.

928 1797 986 1862 Da.
1010 1799 1049 1862 A.
1073 1797 1232 1878 BUDGE,
1255 1816 1337 1860 rmv.
1361 1816 1430 1861 ooo.

463 1953 617 2018 Privatim
641 1953 669 2032 1)
686 1951 935 2036 osteologiam
957 1957 992 2016 et
1007 1952 1356 2038 syndesmologiam
1371 1951 1515 2018 tractabit
1529 1951 1610 2016 dieb.
1628 1953 1709 2017 Lun.
1727 1959 1759 2018 et
1772 1955 1866 2021 Mero.
1884 1958 1948 2022 hor.
1967 1957 2006 2021 V.
2023 1995 2065 2006 -

295 2079 325 2157 2)
348 2075 592 2158 histologiam
614 2077 651 2136 et
671 2072 898 2136 anatomiam
920 2075 1234 2156 microscopioam
1257 2074 1358 2138 tradat
1378 2071 1460 2137 dieb.
1484 2072 1573 2136 Mart
1598 2078 1630 2137 et
1651 2073 1716 2138 Iov.
1740 2075 1806 2139 hor.
1830 2075 1870 2138 V.

666 2445 747 2560 IV.
817 2443 1094 2558 SOHOthl
1141 2441 1687 2558 PHILOSOPHORUM.

849 2687 879 2756 1)
899 2683 1172 2744 Paorussonml
1191 2683 1505 2744 osmunmoaun.

871 2841 930 2908 Da.
953 2846 992 2908 h.
1013 2841 1248 2922 masmae,
1269 2863 1296 2908 Ρ.
1319 2863 1347 2908 Ρ.
1371 2863 1398 2910 o.
1422 2865 1489 2910 ora.

460 2999 487 3082 Ι)
509 2999 641 3064 Publice
663 3001 697 3063 in
720 2999 927 3063 seminario
952 2997 1188 3082 philologiae
1202 2997 1459 3082 interpretabitur
1489 2999 1520 3084 1)
1542 2995 1707 3080 Dionysi
1725 2997 2065 3065 Halicarnasensis

293 3121 565 3204 antiquitatum
590 3117 843 3182 Romanarum
864 3115 982 3183 librum
1004 3117 1051 3182 IV
1070 3118 1121 3182 die
1140 3117 1314 3183 Merchor.
1330 3115 1483 3197 XetXI;
1519 3119 1551 3200 2)
1569 3116 1682 3182 statii
1701 3119 1822 3184 silvas
1841 3121 1892 3186 die
1911 3117 1978 3184 Iov.
1995 3119 2061 3185 hor.

293 3239 349 3304 lll.
374 3277 416 3286 —
436 3237 481 3322 11)
503 3237 655 3304 Privatim
677 3238 877 3302 historiam
899 3238 1118 3303 litterarum
1139 3235 1362 3302 Latinarum
1384 3235 1546 3302 enarrabit
1566 3241 1678 3322 quater
1695 3239 1762 3302 hor.
1785 3235 1828 3304 X.

863 3422 923 3489 Da.
941 3423 975 3489 F.
998 3423 1034 3489 L
1057 3423 1329 3508 Hachtmann,
1354 3445 1382 3490 Ρ.
1407 3444 1435 3489 Ρ.
1459 3444 1487 3489 o.

461 3577 642 3659 l)Publice
664 3580 988 3645 examinatorium
1012 3581 1058 3646 de
1083 3579 1198 3646 rebus
1222 3581 1405 3647 chemicis
1434 3582 1470 3644 et
1500 3580 1793 3664 mineralogicis
1821 3577 1948 3642 habebit
1974 3577 2058 3643 dieb.

292 3699 372 3763 Lura
397 3704 428 3762 et
448 3697 537 3762 Mart.
561 3699 626 3762 hor.
651 3696 725 3762 XII.
760 3737 801 3746 -
830 3697 875 3782 11)
899 3698 1052 3764 Privatim
1086 3701 1117 3783 1)
1140 3702 1450 3786 oryctognosiam
1472 3698 1597 3763 docebit
1619 3695 1700 3764 dieb.
1716 3697 1811 3764 Mero.
1835 3702 1867 3763 et
1898 3697 1964 3764 Iov.
1994 3700 2060 3762 hor.

293 3819 372 3900 Xll3
397 3821 426 3902 2)
449 3817 724 3902 mineralogiae
745 3819 947 3884 historiam
967 3819 1068 3884 tradet
1086 3819 1170 3922 dieb.
1195 3819 1277 3884 Ven.
1302 3824 1334 3884 et
1355 3819 1417 3886 Sat.
1440 3820 1507 3884 hor.
1526 3817 1601 3884 ml.

894 4005 952 4070 Da.
976 4006 1013 4071 E.
1035 4003 1311 4090 BAUMSTARK,
1332 4028 1360 4072 Ρ.
1384 4027 1411 4070 Ρ.
1436 4027 1462 4071 o.

459 4160 485 4244 Ι)
508 4159 640 4224 Publice
668 4161 708 4224 do
740 4162 1020 4226 constitutione
1048 4164 1160 4246 regni
1189 4161 1390 4228 Borussioi
1417 4164 1622 4247 expositurus
1653 4163 1702 4223 est
1732 4159 1783 4222 dio
1816 4156 1880 4224 Sat.
1911 4157 1976 4221 hor.
2013 4155 2061 4220 ΠΙ

293 4282 324 4340 et
345 4278 400 4342 IV.
436 4319 475 4327 -
507 4279 549 4362 ΙΙ)
584 4279 737 4344 Privatim
770 4281 918 4345 reditus
949 4279 1187 4366 reipublicae
1218 4283 1466 4348 moderandos
1494 4280 1620 4348 docebit
1642 4278 1723 4344 dieb.
1747 4278 1828 4342 Lun.
1853 4276 1940 4342 Mart.
1965 4275 2059 4342 Mero.

292 4399 359 4464 Iov.
379 4400 462 4464 Ven.
485 4401 551 4465 hor.
573 4399 630 4463 ΙΙΙ

933 4517 991 4583 Du.
1018 4521 1057 4584 A.
1080 4519 1262 4606 HOEFER,
1284 4545 1312 4588 Ρ.
1336 4544 1364 4588 Ρ.
1390 4545 1418 4589 0.

459 4671 644 4737 Commeatu
665 4673 833 4758 impetrato
855 4673 978 4739 scholas
1002 4694 1068 4739 non
1088 4675 1225 4741 habebit.

830 4857 888 4923 Da.
911 4863 951 4925 A.
975 4861 1016 4927 H.
1041 4865 1080 4927 A.
1105 4862 1129 4926 Ι.
1153 4863 1369 4949 ΜΗΕΝΤΕΙΙ,
1391 4887 1419 4932 Ρ.
1443 4889 1470 4931 Ρ.
1496 4889 1523 4931 o.

457 5012 484 5094 1)
511 5011 642 5078 Publice
668 5015 819 5098 plantas
847 5020 1149 5102 cryptogamicas
1175 5018 1346 5084 illustrabit
1377 5022 1428 5086 dio
1459 5022 1524 5086 Iov.
1556 5023 1622 5086 hor.
1648 5021 1677 5082 V
1709 5024 1740 5084 et
1768 5018 1816 5082 VI
1844 5023 1877 5080 et
1905 5016 1956 5079 die
1978 5014 2060 5076 Veh.

290 5128 355 5193 hor.
379 5129 418 5194 V.
444 5169 483 5180 -
506 5131 549 5214 ΙΙ)
571 5132 724 5201 Privatim
745 5136 1097 5224 pharmacologiam
1120 5139 1245 5204 docebit
1266 5140 1348 5205 dieb.
1373 5140 1453 5206 hun.
1480 5145 1512 5205 et
1532 5141 1621 5206 Mart.
1641 5142 1706 5204 hor.
1732 5139 1761 5200 V
1785 5141 1817 5202 et
1837 5136 1892 5199 Vl.

1847 5272 1865 5334 3
