4720 6004
575 559 1192 699 vurvnasrmms
1250 556 1777 697 errrnmann

769 795 1610 992 carrmsunnonmm

989 1080 994 1088 ·
1070 1069 1271 1112 RECTOR

515 1228 888 1344 canotus
952 1232 1059 1341 fra·
1114 1233 1197 1342 W.
1254 1233 1315 1342 H.
1378 1229 1833 1342 ΗΑΕΒΕΗΗΝ

1146 1470 1202 1513 (ΝΗ

827 1629 1124 1748 bullonio
1159 1632 1527 1749 sorbonico

1139 1873 1161 1914 Β.
1176 1872 1202 1913 D.

931 2037 1110 2102 OlVlBVS
1131 2035 1425 2104 AOADEMICIS.

1074 2249 1282 2258 -—-—-—---

467 2359 555 2478 Cum
579 2412 618 2476 ad
641 2413 795 2478 sollemne
817 2433 937 2478 munus
959 2415 1154 2497 accingimur
1176 2419 1212 2478 ut
1227 2416 1433 2498 grammatico
1448 2414 1706 2478 commentariolo
1722 2413 1895 2476 lectionum
1909 2414 2057 2496 proxima

298 2532 402 2596 hicme
428 2532 647 2598 habendarum
674 2534 813 2598 indicem
843 2553 1008 2614 ornemus,
1036 2535 1160 2616 inpium
1190 2534 1269 2598 feret
1295 2534 1359 2596 nisi
1386 2537 1507 2596 maesto
1538 2533 1634 2596 simul
1661 2533 1821 2616 simulque
1839 2535 1927 2616 grato
1949 2534 2055 2596 animo

297 2652 450 2734 praeclari
474 2652 625 2735 conlegae
645 2653 883 2718 recordaremur
902 2673 1004 2738 nuper
1025 2653 1117 2718 nobis
1140 2655 1241 2736 erepti
1263 2655 1317 2736 qui
1331 2654 1573 2736 vgrammaticam
1596 2671 1651 2735 per
1672 2652 1746 2734 plus
1768 2652 1935 2716 duodecim
1958 2651 2058 2714 lustra

299 2773 331 2833 in
356 2773 563 2838 universitate
584 2779 691 2836 nostra
711 2773 872 2857 professus
896 2773 1089 2857 singrdarem
1109 2773 1203 2856 plene
1226 2777 1257 2838 et
1278 2772 1489 2837 emditionem
1512 2777 1544 2836 et
1565 2772 1779 2856 eloquentiam
1794 2774 1829 2835 in
1843 2773 1931 2836 hisce
1945 2790 2056 2856 prooe-

298 2887 372 2952 miis
395 2890 571 2956 scribendis
595 2893 759 2974 praestitit.
805 2912 842 2956 ac
860 2894 1019 2956 maestitia
1041 2891 1169 2975 quidem
1191 2892 1282 2955 facile
1303 2895 1504 2974 temperatur,
1528 2892 1678 2974 quoniam
1702 2893 1930 2976 gravissimum
1950 2894 2057 2956 virum

296 3013 349 3074 cui
369 3029 430 3074 nec
452 3015 576 3095 turpem
598 3011 716 3076 lateus
737 3013 909 3076 donaverat
931 3015 1091 3076 senectam
1114 3012 1314 3076 necrcitbara
1335 3015 1495 3074 carentem
1515 3015 1644 3074 vocatus
1666 3010 1799 3075 deduxit
1817 3009 1994 3076 Mercurius
2016 3012 2056 3076 ad

296 3127 402 3215 λιμένα
427 3127 530 3209 ἀνιῶν,
560 3137 596 3196 ut
616 3137 709 3215 poeta
730 3131 870 3216 loquitur
894 3132 1058 3196 familiaris
1083 3131 1212 3194 Gronau
1237 3130 1396 3194 damnarer
1419 3131 1622 3194 Senommnm.
1675 3137 1763 3216 grata
1783 3151 1860 3196 vero
1882 3131 2055 3198 recordatio

297 3269 339 3313 ne
362 3269 516 3334 umquam
545 3250 740 3316 oblitteretur
761 3272 827 3316 non
847 3272 1010 3316 veremru:
1039 3254 1156 3335 pietate
1179 3252 1266 3314 enim
1288 3269 1352 3334 qua
1374 3223 1461 3315 viros
1482 3233 1521 3315 de
1544 3269 1578 3313 se
1601 3249 1683 3314 bone
1705 3253 1834 3317 meritos
1853 3253 2057 3338 prosequitur

297 3373 501 3455 grammatica
524 3377 645 3438 ceteras
667 3377 750 3436 artes
776 3373 871 3457 longe
893 3379 1020 3458 superat
1041 3391 1161 3436 omnes.
1207 3372 1262 3436 sed
1285 3391 1391 3457 neque
1411 3372 1443 3435 id
1465 3370 1651 3436 volebamus
1674 3373 1817 3436 omittere
1840 3375 1918 3457 quin
1938 3374 2054 3437 vestris

300 3491 425 3573 studiis
447 3492 679 3557 commilitones
705 3492 913 3574 dilectissimi,
938 3493 1043 3556 denuo
1066 3491 1361 3556 commendaremus
1377 3491 1589 3556 Schoemanni
1610 3492 1773 3574 prooemia
1795 3511 1878 3577 quae
1900 3491 2056 3576 quidquid

296 3614 350 3677 ille
373 3613 499 3696 scripsit
519 3612 661 3676 doctrina
679 3615 826 3694 aequant,
849 3613 1004 3675 suavitate
1026 3601 1196 3694 superant,⁴
1209 3617 1241 3675 ct
1261 3615 1384 3696 gratum
1407 3611 1519 3675 accidit
1540 3615 1576 3674 ut
1590 3610 1785 3676 versiculum
1806 3612 1881 3675 olim
1902 3631 1920 3675 a
1942 3609 2055 3675 Schoe-

298 3753 416 3798 manno
438 3734 605 3796 verissime
628 3731 830 3796 emendatum
850 3753 869 3796 a
888 3731 1137 3796 dubitationibus
1159 3731 1327 3796 defendere
1347 3751 1526 3816 possemus
1550 3731 1668 3815 quibus
1689 3751 1730 3794 ne
1752 3733 1821 3814 ipse
1843 3731 1973 3814 quidem
1994 3731 2055 3796 for-

298 3857 369 3918 titer
389 3855 554 3918 restiterat

463 3974 655 4057 Apollonius
678 3970 822 4038 Archibii
846 3971 866 4034 f.
890 3991 915 4034 s.
939 3991 969 4034 v.
994 3962 1138 4032 κνώδαλα
1167 3968 1384 4034 nobilissimos
1415 3971 1472 4033 bos
1502 3969 1600 4034 adfert
1620 3971 1781 4034 Anonnrns
1804 3989 1915 4035 versus
1939 3974 1994 4056 qui
2019 3975 2054 4036 in

297 4097 393 4160 unico
419 4095 526 4160 codice
548 4094 742 4158 coisliniano
773 4095 816 4157 ita
846 4094 954 4176 scripti
977 4097 1054 4156 sunt
1081 4083 1214 4154 εὕδουσιν
1234 4081 1261 4152 δ’
1288 4087 1380 4176 ὀρέων
1401 4091 1526 4177 κορυφαί
1547 4091 1653 4152 τεκαὶ
1674 4081 1829 4175 φάλαγγες
1850 4091 2054 4178 πρωτονὲςτε

298 4218 349 4278 καὶ
375 4205 530 4303 χαράδραι,
562 4205 644 4301 φῦλά
669 4236 705 4277 τε
734 4204 843 4299 ἑρπετά
871 4211 900 4275 θ’
927 4211 985 4275 ὅσα
1010 4211 1111 4298 τρέφει
1139 4211 1265 4296 μέλαινα
1292 4221 1365 4296 γαῖα
1396 4209 1486 4298 θῆρές
1510 4209 1535 4272 τ’
1562 4211 1706 4298 ὀρεσκῷοι
1735 4213 1785 4274 καὶ
1806 4209 1877 4296 γένη
1907 4216 2055 4298 μελισσῶν

299 4337 350 4398 καὶ
371 4325 516 4396 κνώδαλα
538 4335 568 4395 ἐν
591 4332 711 4416 βένθεσι
731 4337 879 4420 πορφυρῆς
909 4321 996 4405 ἁλός·
1027 4323 1212 4394 εὕδουσινδ
1242 4336 1353 4394 οἰωνῶν
1380 4335 1461 4417 φῦλα
1489 4322 1726 4418 τανιπτερύγων.
1777 4331 1965 4400 monnicam
1990 4334 2055 4399 dia-

299 4458 415 4521 lectum
441 4455 481 4522 ab
502 4456 658 4520 Alcmana
679 4474 781 4539 paene
806 4473 918 4537 puram
947 4456 1076 4536 servari,
1119 4455 1163 4518 ita
1184 4458 1220 4518 ut
1242 4455 1275 4515 in
1297 4453 1419 4516 melicis
1443 4453 1585 4516 numeris
1608 4454 1762 4518 nonnulla
1784 4455 1955 4518 admisceat
1979 4453 2057 4520 Les-

297 4557 397 4660 biaco,
420 4597 521 4662 pauca
543 4577 633 4659 opica
654 4577 686 4638 in
710 4575 915 4656 hexametris
936 4574 1029 4637 bodie
1051 4575 1226 4638 certissime
1249 4574 1322 4637 licet
1343 4573 1516 4636 adfirmare.
1561 4573 1616 4636 sed
1639 4573 1782 4639 subsidia
1802 4573 1919 4658 quibus
1936 4578 2056 4639 sensim

298 4699 337 4762 ad
366 4699 447 4761 banc
478 4697 643 4760 scientiam
671 4697 831 4778 progressi
852 4713 965 4759 sumus
987 4713 1089 4778 nuper
1109 4695 1238 4758 demum
1259 4697 1426 4777 conparata
1448 4697 1524 4758 sunt
1546 4697 1577 4755 et
1595 4693 1630 4755 in
1652 4694 1711 4757 hoe
1733 4693 1861 4778 quidem
1881 4695 2055 4780 fragmento

298 4819 422 4902 pristini
445 4817 557 4880 coloris
579 4817 637 4878 vix
660 4816 830 4899 vestigium
851 4815 996 4879 relictum
1013 4821 1068 4880 est.
1113 4819 1218 4880 tamen
1235 4811 1445 4878 Soboemanni
1460 4814 1677 4896 incorruptum
1693 4813 1847 4880 iudicium
1862 4835 1926 4880 non
1941 4815 2058 4880 latebat

298 4943 329 5002 et
349 4937 484 5001 litteram
498 4957 563 5001 rau
581 4938 614 5000 in
632 4957 696 5022 qua
714 4937 782 5000 sola
796 4955 875 5000 voce
889 4937 1060 5020 requiritur
1073 4938 1196 4998 tantum
1212 4955 1277 4998 non
1292 4953 1464 5017 conparere
1480 4933 1680 4998 manifestam
1695 4932 1768 4998 etb'
1788 4933 1866 4998 ὅσσα
1880 4941 2056 5021 corruptam

299 5076 371 5121 csse
398 5076 441 5120 cx
462 5047 568 5120 τόσσα.
611 5075 672 5122 nes
699 5057 850 5122 mendam
869 5057 987 5122 inferre
1008 5055 1145 5120 dicimus
1169 5057 1363 5138 quicumque
1386 5054 1476 5118 aliter
1498 5053 1657 5120 scribunt:
1690 5076 1765 5121 nam
1789 5061 1820 5120 ct
1841 5056 1880 5121 ab
1900 5058 2056 5122 Alcmene

299 5195 475 5258 numquam
505 5179 685 5262 neglectum
718 5196 790 5242 esse
818 5197 837 5239 r
860 5180 894 5242 in
918 5176 1143 5242 vocabulorum
1170 5177 1334 5260 principiis
1357 5179 1388 5238 ct
1409 5179 1598 5259 pronomina
1620 5178 1749 5240 relativa
1769 5179 1854 5261 apud
1875 5177 2058 5244 Laconasa

1033 5437 1303 5560 15835233
