4720 6004
1091 275 1320 349 ..4-

327 505 468 551 consona
490 488 630 571 incipere
651 493 787 572 possunt
808 488 915 551 vidoro
940 488 1057 570 quibus
1080 489 1163 552 oculi
1187 495 1270 554 sunt.
1310 511 1369 554 noc
1391 491 1452 554 alia
1476 493 1583 554 miuus
1607 491 1776 555 incidente.
1814 493 1924 555 tertiae
1946 492 2083 554 declina·

327 610 422 672 tionis
452 609 577 672 dativus
606 607 744 687 βένθεσσι
771 608 891 691 duplex
921 609 1040 692 flagitat
1068 611 1187 693 sigma:
1220 613 1373 693 μελισσᾶν,
1402 607 1503 697 ὡρέων
1530 614 1724 688 neeessaria;
1761 603 1895 674 εὕδουσιν
1923 614 2081 678 immane:

327 727 512 810 ambiguum
541 728 673 791 fortasse
699 733 806 792 utrum
833 729 1000 794 Aeolicum
1029 721 1148 806 εὕδοισι,
1174 730 1258 812 quod
1280 729 1505 812 posterioribus
1528 731 1636 811 lpuicis
1659 732 1785 814 placuit,
1813 751 1853 794 an
1877 732 2082 794 vernaculum

328 841 445 910 εὕδοντι
472 848 663 929 praetulerit.
715 848 771 910 sed
793 850 991 932 peregrinam
1013 850 1146 913 formam
1168 849 1339 913 admissam
1362 868 1433 912 esse
1456 849 1513 913 ubi
1533 850 1571 914 ad
1595 870 1744 914 numeros
1767 871 1830 914 uon
1857 857 1923 915 orat
1944 871 2084 914 eommo-

327 971 396 1034 dior
414 990 527 1053 parum
549 975 598 1032 est
619 970 791 1032 verisimile
814 973 919 1052 (atque
941 968 1008 1033 fieri
1030 973 1134 1052 potest
1154 975 1190 1032 ut
1204 967 1360 1032 Pindarus
1383 971 1451 1052 ipso
1474 969 1513 1032 ad
1535 971 1614 1032 hauc
1636 973 1791 1034 amussim
1814 971 1991 1054 exigendus
2014 974 2081 1049 siti:

326 1093 522 1154 restituimus
544 1092 640 1174 igitur
661 1095 692 1154 et
714 1091 765 1152 hio
787 1095 818 1152 et
839 1091 914 1172 lgm.
931 1094 982 1165 34,
1002 1094 1022 1153 4
1043 1089 1198 1153 Doricam.
1243 1091 1395 1152 haetenus
1418 1090 1501 1152 malo
1523 1089 1665 1152 sedulam
1687 1090 1885 1154 librariorum
1907 1092 2083 1154 atticissau-

327 1213 406 1275 tium
429 1231 537 1275 curam
557 1207 781 1288 abste1·sim1is;
806 1230 887 1293 quae
910 1211 1059 1293 quoniam
1083 1211 1117 1272 in
1133 1213 1279 1295 πορφνρῆς
1294 1229 1357 1271 uon
1374 1215 1478 1290 potest
1493 1210 1613 1292 culpari
1628 1209 1710 1272 alius
1726 1229 1811 1272 orror
1825 1211 2083 1292 circumspicien-

327 1333 386 1396 dus
410 1337 470 1408 est;
501 1331 600 1394 obi'ort
630 1351 665 1394 so
693 1332 837 1394 omuium
867 1330 1066 1399 levissimus,
1095 1331 1268 1392 itacismus.
1314 1331 1481 1411 scripserat
1505 1329 1637 1391 Alcman
1665 1340 1849 1414 τορφυρεοῖς,
1877 1329 1978 1392 tribus
2004 1329 2083 1393 illud

327 1451 457 1532 syllabis
484 1451 693 1532 efferendum,
716 1451 819 1534 qualis
843 1452 1000 1532 synincsis
1023 1441 1155 1513 alterum
1178 1450 1361 1533 exemplum
1384 1457 1432 1512 ost
1455 1452 1486 1513 iu
1511 1455 1689 1512 tetrametro
1712 1451 1866 1530 dactylico
1888 1455 1985 1512 tacta
2006 1439 2082 1530 οάδῃ

325 1562 505 1656 πολοφαμος
531 1563 620 1656 ἑορτά
650 1573 724 1652 (34).
778 1572 1054 1654 grammaticorum
1087 1590 1198 1632 siurim
1224 1570 1349 1632 somnia
1378 1570 1433 1652 qui
1462 1573 1606 1652 corrupta
1637 1569 1769 1632 dialecto
1797 1569 1919 1652 decepti
1941 1560 2009 1642 θιός
2030 1569 2082 1632 vel

326 1692 404 1756 adeo
434 1683 495 1764 σιός
523 1693 716 1754 invexerunt
750 1690 830 1752 ultro
860 1690 1063 1771 dissipantur.
1116 1689 1215 1752 solam
1238 1691 1438 1772 respeximus
1460 1690 1714 1772 grammaticam,
1742 1695 1773 1752 at
1795 1689 1962 1753 attendatis
1987 1709 2082 1772 quae-

327 1832 450 1894 sumus,
473 1811 714 1878 commilitones,
738 1815 875 1892 (plantus
893 1811 981 1892 vigor
1003 1809 1099 1873 simul
1121 1810 1296 1872 adcreverit
1317 1810 1465 1892 antiquae
1492 1811 1591 1891 poesi.
1637 1809 1791 1892 protunda
1812 1811 1908 1872 maris
1930 1812 2080 1892 purpurei

328 1932 547 2012 animemus,
571 1931 760 1994 adieetivum
786 1931 945 2011 ponimus,
974 1929 1059 2011 quod
1092 1929 1179 2010 opioo
1208 1948 1294 1991 moro
1322 1927 1429 2011 pulcro
1458 1928 1586 2010 quidem
1609 1929 1746 1992 colorem
1767 1930 1863 1992 orans
1887 1929 1990 2011 qualis
2010 1949 2082 1992 csse

327 2051 406 2116 solet
433 2051 599 2134 depingat.
631 2049 781 2132 peculiari
813 2057 918 2110 autom
941 2050 972 2110 vi
1006 2051 1135 2110 omniuo
1166 2049 1351 2112 destitutum
1382 2050 1439 2109 sit:
1475 2053 1581 2110 contra
1614 2049 1698 2130 quod
1718 2049 1852 2112 Alcman
1880 2053 2021 2113 monstra
2048 2051 2080 2112 iu

326 2173 495 2256 prupureis
515 2173 610 2234 maris
633 2170 799 2252 profundis
821 2167 936 2232 cubare
961 2169 1076 2234 voluit.
1103 2169 1187 2232 color
1210 2187 1337 2251 quoquo
1360 2168 1397 2230 ud
1422 2175 1592 2231 rioutrunac
1616 2171 1732 2252 quietis
1754 2175 1880 2252 tompus
1901 2170 1985 2252 (prod
2008 2189 2081 2232 cum

327 2293 467 2354 manime
491 2289 679 2354 describitur
701 2292 782 2354 tacit.
827 2291 927 2352 multo
951 2289 1008 2353 boo
1031 2289 1190 2371 pulcrius3
1214 2295 1309 2372 atque
1331 2290 1356 2351 si
1381 2291 1603 2372 antiquissima
1619 2309 1765 2372 quaoquo
1781 2309 1853 2352 oum
1870 2290 2081 2373 clegiaoorum

326 2417 394 2476 tum
416 2412 587 2492 lyricorum
610 2411 749 2474 earmina
770 2409 1046 2492 perlustraveritis
1078 2408 1214 2470 similem
1236 2411 1362 2473 nativae
1385 2411 1460 2474 artis
1490 2429 1633 2494 saporem
1657 2431 1718 2472 non
1744 2412 1813 2474 sinc
1835 2430 1951 2493 magna
1972 2411 2082 2493 volup

326 2539 387 2626 tate
415 2533 601 2616 percipietis.
655 2531 860 2593 nieniiniuius
888 2529 1078 2592 Odolrodum
1102 2528 1289 2592 lluollerum
1323 2529 1404 2591 idem
1434 2529 1472 2590 de
1505 2549 1630 2592 summo
1661 2539 1753 2611 poeta
1784 2532 1948 2592 monuisse
1971 2532 2082 2594 Archi·

326 2653 436 2730 locho;
460 2653 498 2714 do
520 2650 705 2714 Pindaricae
729 2651 802 2712 artis
825 2651 1031 2712 admiratione
1054 2669 1118 2711 uon
1142 2649 1220 2711 nihil
1243 2649 1374 2712 fortusse
1399 2649 1593 2712 dotrahetur:
1617 2651 1735 2713 incedit
1760 2654 1846 2714 enim
1868 2651 1932 2718 illc.
1960 2659 1995 2714 ut
2016 2651 2082 2714 Ho-

327 2773 516 2836 meridarum
539 2772 693 2854 plerique,
722 2759 859 2846 κελεύθῳ
889 2767 934 2840 τίς
957 2762 1087 2842 πολλοὺς
1115 2757 1177 2830 ὧδε
1203 2769 1253 2828 καὶ
1274 2755 1335 2828 ὦδε
1357 2766 1445 2852 φέρει.
1490 2769 1528 2832 dc
1552 2773 1693 2833 numeris
1714 2773 1882 2854 fragmenti
1904 2772 2081 2835 Alcmanioi

328 2913 409 2978 quae
431 2899 462 2956 ot
483 2892 582 2957 multa
603 2895 635 2954 et
655 2892 842 2974 gravissima
865 2895 941 2952 suut
963 2889 1096 2953 dicenda
1119 2889 1213 2952 huius
1237 2890 1417 2972 scriptionis
1440 2891 1571 2953 modum
1593 2891 1767 2968 excedunt3
1791 2893 1998 2974 proponimus
2013 2897 2082 2955 tan-

325 3021 394 3079 tum
423 3017 510 3096 ipsos
535 3031 647 3076 versus
677 3011 787 3096 rprales
817 3013 917 3073 iustae
939 3011 1145 3092 reliquiarum
1169 3009 1422 3072 Alonranicarum
1445 3009 1585 3086 editioni,
1617 3029 1680 3092 qua
1702 3029 1781 3093 opus
1804 3016 1862 3092 est,
1893 3011 2080 3074 inserendos

326 3155 397 3200 csse
420 3133 607 3198 arbitramur

620 3244 736 3314 εὕδοντι
757 3241 783 3310 δ’
810 3246 910 3336 ὡρέων
931 3249 1055 3335 κορυφαί
1077 3271 1111 3311 τε
1133 3251 1183 3308 καὶ
1204 3239 1356 3335 piperem&

621 3370 758 3458 πρωίονές
780 3393 814 3433 τε
837 3371 886 3431 καὶ
908 3361 1055 3456 χαράδραι

621 3483 702 3576 φῦλά
723 3514 758 3553 τε
781 3484 911 3576 rapuerit
932 3481 1028 3551 τόσσα
1051 3479 1157 3573 τραφει
1179 3488 1305 3572 μέλαινα
1326 3495 1399 3571 γαῖα

620 3616 671 3676 καὶ
693 3604 821 3674 κνώδαλ’
848 3611 879 3672 ἐν
901 3610 1040 3690 &iubeam
1060 3617 1231 3694 πορφυρεοῒς
1253 3602 1325 3681 ἁλὸς

620 3730 754 3819 θῆρέςέ
782 3722 926 3817 ὀρεσκῷοι
948 3731 998 3791 καὶ
1020 3727 1104 3813 γένος
1126 3731 1276 3813 μελισσᾶν,

619 3847 735 3917 εὕδοντι
755 3844 781 3913 δ’
808 3855 919 3913 οἰωνῶν
941 3853 1022 3935 φῦλα
1043 3839 1279 3934 τανιπτερύγων.

490 3977 635 4042 Alcmani
657 3973 882 4054 subiungimus
898 3969 1039 4033 Sarrnvs
1054 3971 1266 4053 fragmentum
1282 3968 1332 4050 56,
1356 3967 1439 4050 quod
1461 3969 1596 4051 inperite
1613 3971 1715 4050 spreta
1730 3967 1919 4049 optimorum
1934 3963 2078 4028 codicum

323 4099 385 4162 tide
401 4099 581 4181 interpolari
596 4115 668 4158 cum
685 4094 759 4157 olim
777 4090 988 4176 gravabamur
1001 4095 1070 4153 tum
1084 4089 1248 4152 serendum
1264 4108 1327 4150 nou
1345 4106 1417 4150 esso
1431 4087 1568 4169 amplius
1583 4087 1747 4165 duximus
1762 4091 1929 4168 postquam
1942 4085 2001 4147 hoc
2013 4105 2079 4147 uuo

287 4187 292 4192 Ι
324 4235 424 4282 naevo
448 4219 612 4283 deformari
635 4215 774 4277 vidimus
796 4213 1060 4296 perfectissimum
1076 4208 1211 4272 Kekuloi
1232 4205 1387 4288 libellum,
1410 4206 1493 4290 quod
1509 4207 1641 4289 dignum
1657 4226 1775 4270 munus
1790 4205 1939 4270 Instituta
1954 4206 2081 4269 archae·

323 4340 443 4422 ologico
466 4336 644 4422 Capitolino
675 4354 775 4418 nuper
804 4332 915 4396 obtulit
946 4331 1136 4394 universitas
1163 4328 1355 4392 Bonnensis.
1407 4327 1483 4391 olim
1512 4327 1569 4390 hos
1597 4347 1710 4390 vorsus
1740 4331 1940 4410 excerpserat
1968 4325 2079 4388 doctus

321 4463 545 4545 grammaticus
576 4456 746 4540 (implicit
778 4461 811 4518 ut
832 4475 871 4518 ex
896 4451 1059 4534 trisyllaba
1086 4445 1155 4515 ὤιον
1177 4452 1406 4514 domonstraret
1426 4448 1548 4533 vulgari
1574 4438 1633 4511 ὠόν
1655 4445 1899 4511 adscribendum
1921 4465 1993 4510 esse
2017 4448 2078 4508 iota

321 4589 454 4647 mutum.
496 4584 588 4645 cuius
608 4579 853 4662 disputationem
875 4575 972 4638 altero
994 4595 1023 4657 p.
1048 4572 1101 4636 oh.
1127 4573 1253 4636 saeculo
1275 4541 1415 4636 exeunte
1438 4569 1638 4652 conpilarunt
1660 4569 1723 4632 (luo
1745 4568 1891 4631 homines
1914 4568 1958 4630 uti
1978 4573 2079 4630 aetate

321 4711 352 4767 ot
374 4705 475 4786 patria
495 4705 539 4764 ita
561 4698 727 4783 multiplici
749 4698 883 4760 lectione
906 4700 936 4758 ot
958 4695 1087 4777 profusa
1108 4692 1287 4776 conpilandi
1309 4690 1440 4755 libidine
1463 4691 1624 4774 sequulae,
1646 4689 1850 4753 Herodianus
1872 4693 1967 4773 atque
1982 4689 2080 4751 Athe-

321 4843 433 4891 naeus,
454 4841 590 4906 quorum
612 4821 689 4883 alter
710 4819 803 4882 hodio
826 4839 844 4881 a
864 4818 1026 4901 plerisque
1048 4833 1149 4899 paene
1172 4813 1290 4898 divinis
1312 4811 1486 4877 honoribus
1509 4811 1601 4875 adlici
1624 4811 1712 4892 solet,
1742 4813 1832 4894 quasi
1857 4811 2002 4892 proprias
2024 4830 2080 4872 cx-

320 4951 478 5029 promeret
506 4943 649 5022 divitiae,
679 4941 768 5005 alteri
789 4940 842 5002 vel
862 4939 952 5022 pueri
975 4935 1177 5016 maledicunt,
1200 4937 1292 5017 quasi
1317 4933 1396 4996 nibil
1418 4953 1482 4997 non
1503 4931 1626 4996 furatus
1652 4937 1750 5010 esset3
1784 4937 1897 4996 neuter
1927 4933 2080 4994 nimirum

318 5075 403 5129 reete
418 5067 541 5150 legitur.
581 5083 621 5126 ex
639 5063 804 5126 Athenaeo
819 5061 916 5143 igitur
929 5057 1082 5142 Sapphica
1097 5056 1175 5119 haec
1197 5055 1335 5116 servavit
1354 5055 1492 5136 epitoma
1513 5054 1585 5136 φασὶ
1607 5043 1645 5121 δι’,
1667 5074 1743 5115 ποτε
1758 5043 1863 5120 Λήδαν
1885 5044 1955 5113 ὤιον
1976 5046 2079 5136 εὑρτῑνς

319 5189 358 5250 ad
387 5187 605 5250 Herodianum
631 5185 700 5245 iure
726 5182 846 5246 rettulit
866 5179 1018 5244 Leutnius
1041 5197 1123 5261 quae
1146 5179 1178 5238 iu
1200 5175 1418 5258 Etymologieo
1442 5172 1557 5256 Magno
1580 5193 1603 5236 s.
1629 5194 1658 5235 v.
1683 5163 1742 5234 ὠὸν
1763 5173 1913 5256 leguntur
1934 5172 2024 5234 aliter
2045 5173 2077 5233 in
