4720 6004
1086 245 1310 313 ..5-

321 456 505 540 pervidere:
539 457 655 522 summi
686 459 796 538 poetae
828 453 1001 518 absurdum
1029 453 1140 518 datum
1167 455 1259 518 claris
1289 454 1421 520 vocibus
1453 457 1496 518 ita
1525 473 1692 544 opponere.
1736 451 1880 540 Pratiuas
1907 451 1982 534 quid
2003 469 2077 514 cum

322 578 452 640 omnino
481 579 549 661 tum
576 575 638 638 hac
666 577 888 659 conparatione
915 569 1052 636 voluerit
1077 571 1156 636 nihil
1183 575 1298 640 melius
1320 575 1467 639 inlustrat
1487 595 1583 658 quam
1604 573 1905 656 Aristophanearum
1929 585 2076 634 ranarum

322 695 453 776 chorus,
482 696 539 778 qni
564 698 708 778 protervo
740 697 853 756 coaxat
882 693 985 775 quoad
1014 694 1144 777 renligis
1173 693 1316 757 celeritas
1345 696 1507 756 κελευστοῦ
1539 693 1669 756 halitum
1698 697 1832 776 superat.
1885 712 1922 756 ac
1949 691 2077 774 Stygiae

323 834 451 898 quoque
472 813 596 897 paludis
618 813 754 886 incolam
771 811 884 876 Musae
899 809 967 875 Pan
983 812 1096 894 Apollo
1121 817 1267 876 amarunt
1288 811 1374 875 ἕνεκα
1396 803 1522 885 δόνακος
1544 808 1577 872 ὃν
1597 801 1753 895 ὑπολύριον
1775 803 1891 897 ἔνυδρον
1914 811 1944 871 ἐν
1964 810 2078 894 λίμναις

322 931 432 1020 τρέφει.
479 953 521 996 ex
542 953 571 996 ν.
597 933 635 996 10
662 931 894 1016 polysynthetis
922 933 1060 1014 primum
1086 929 1244 1015 Bergkius
1273 933 1398 1015 egregio
1419 933 1626 1016 recuperavit,
1652 931 1785 994 alterum
1808 929 1910 994 codex
1931 931 2078 1008 serravit,

321 1055 403 1116 tertii
424 1055 544 1135 primae
565 1057 628 1115 tres
651 1050 791 1133 syllabae
812 1050 991 1134 perierunt3
1013 1050 1163 1134 equibus
1178 1052 1275 1134 vulgo
1290 1051 1433 1116 ultimam
1447 1055 1570 1116 tantum
1584 1052 1783 1131 resuscitant,
1804 1054 1902 1112 metro
1924 1049 2076 1132 iugulato.

323 1191 381 1235 noc
409 1169 525 1236 sufficit
551 1175 587 1234 ut
613 1170 701 1248 tibia¹
715 1189 809 1234 rauco
832 1188 910 1232 sono
931 1170 1090 1253 ganniens
1113 1171 1156 1232 ita
1177 1171 1323 1234 incedere
1347 1171 1468 1234 dicatur
1487 1175 1523 1233 ut
1543 1170 1704 1250 rythmum
1725 1169 1873 1253 neglegat
1893 1173 1988 1250 atque
2010 1188 2080 1252 per-

322 1295 437 1360 ycrtat:
462 1288 520 1352 hoc
542 1261 635 1354 etiam
659 1290 823 1354 velocitate
847 1287 916 1352 fieri
937 1293 1046 1371 potest.
1081 1289 1136 1352 sed
1159 1291 1205 1352 uti
1227 1289 1384 1372 superbus
1406 1290 1471 1353 ales
1491 1290 1595 1373 reptili
1610 1288 1760 1352 bestiolae
1776 1289 1940 1370 oppositus
1956 1292 2014 1368 cst,
2036 1289 2079 1349 ita

322 1429 528 1474 numerorum
556 1407 787 1474 volubilitatem
815 1412 947 1472 eatenus
975 1413 1097 1474 auctam
1127 1410 1229 1474 voluit
1257 1408 1416 1490 Protinus,
1445 1413 1480 1473 ut
1501 1408 1640 1472 tibicinis
1661 1409 1789 1471 tarditas
1808 1407 1922 1471 l‘rustra
1946 1407 2079 1471 salivam
2147 1483 2149 1490 y

321 1529 473 1612 perderet.
519 1549 548 1590 ν.
565 1529 602 1590 ll
625 1529 716 1590 initio
738 1532 823 1588 θοπα
845 1528 992 1591 traditum
1014 1507 1079 1607 est,
1104 1547 1167 1612 quo
1188 1531 1339 1612 quoniam
1359 1528 1592 1592 substantivum
1610 1527 1772 1590 obseruari
1787 1526 1990 1590 manifestum
2005 1531 2080 1606 erat,

243 1618 246 1627 ¹
322 1669 387 1714 non
401 1649 483 1712 male
496 1648 683 1732 Hartungus
697 1652 791 1725 aare,
808 1647 890 1730 quod
906 1647 998 1711 nobis
1015 1667 1142 1732 qnoque
1158 1649 1233 1712 olim
1248 1651 1281 1711 in
1297 1653 1435 1712 mentem
1451 1652 1592 1712 venerat:
1609 1647 1710 1712 donec
1721 1665 1832 1710 verum
1848 1646 2078 1730 indagavimus.

400 1821 402 1826 .
485 1769 517 1832 A
538 1766 666 1832 Pratina
690 1768 729 1830 ad
751 1769 940 1832 Assonrcvn
970 1787 1008 1830 eo
1037 1767 1189 1831 libentius
1218 1770 1389 1832 transimus
1413 1766 1499 1851 quod
1528 1768 1578 1830 hic
1607 1771 1712 1849 poeta,
1733 1766 1825 1829 cuius
1847 1768 2010 1829 maiestate
2032 1767 2082 1828 in·
2170 1757 2172 1764 ’

280 1930 283 1938 -
322 1891 498 1972 corruptam
522 1886 754 1950 adulescentiae
779 1886 970 1949 alacritatem
999 1889 1148 1950 acerrime
1171 1889 1363 1950 commoveri
1386 1893 1418 1951 et
1439 1888 1478 1950 ad
1500 1889 1651 1950 virtutem
1673 1888 1804 1949 excitari
1824 1887 1887 1968 ipsi
1910 1886 2081 1968 sensimus,

323 2007 478 2070 senectuti
505 2005 699 2069 fidissimum
728 2008 850 2070 socium
880 2010 975 2088 atque
1006 2007 1143 2069 amicum
1175 2025 1210 2070 se
1236 2006 1383 2089 praebuit
1410 2011 1446 2072 ut
1473 2008 1549 2070 olim
1570 2005 1738 2070 Welclrero
1764 2011 1796 2068 et
1820 2004 2006 2068 Hermanno
2038 2007 2082 2068 ita

323 2144 428 2208 nuper
450 2124 669 2190 Schoemanno
692 2129 807 2188 nostro.
853 2126 945 2188 cuius
975 2143 1068 2188 curae
1090 2125 1287 2206 Aeschyleae
1311 2130 1346 2189 ut
1366 2145 1467 2209 pauca
1488 2128 1717 2209 progenuerint
1738 2125 1900 2206 duratura,
1921 2124 1953 2188 id
1975 2128 2081 2188 tamen

323 2245 361 2309 ab
383 2246 442 2308 hoc
464 2247 666 2328 potissimum
686 2246 817 2328 potestis
837 2243 968 2325 discere,
991 2245 1231 2327 commilitones
1257 2245 1343 2328 quod
1357 2247 1391 2308 in
1409 2265 1534 2308 summo
1548 2245 1740 2310 Graecorum
1757 2248 1849 2328 poeta
1867 2244 2080 2327 intellegendo

323 2384 484 2460 summum
505 2374 569 2428 est:
593 2366 736 2428 animum
755 2365 843 2446 pium
866 2367 961 2447 atque
975 2363 1170 2448 religiosum,
1214 2365 1353 2427 alienum
1377 2385 1395 2427 a
1416 2365 1497 2427 tristi
1520 2367 1742 2447 superstitious
1764 2367 1944 2449 ignavaque
1969 2365 2080 2428 credu-

322 2485 419 2564 litate,
440 2503 506 2548 non
529 2485 636 2546 minus
659 2483 798 2547 alienum
818 2482 856 2546 ab
882 2483 1044 2567 adroganti
1066 2487 1206 2566 captatae
1232 2484 1380 2547 humanis
1400 2485 1586 2547 ratiunculis
1603 2485 1731 2548 divinae
1745 2486 1886 2547 veritatis
1902 2485 2078 2548 iactatione.

323 2605 402 2687 quin
423 2602 574 2684 Aeschyli
594 2602 771 2686 tragoedias
800 2609 963 2685 tamquam
993 2621 1113 2666 sacram
1137 2604 1322 2688 scripturam
1343 2603 1448 2686 legas,
1475 2624 1653 2688 numquam
1682 2605 1857 2688 intelleges.
1903 2611 2010 2668 contra
2031 2625 2081 2668 re·

322 2725 406 2786 centi
427 2722 465 2786 ab
489 2722 636 2786 Oresteae
658 2723 793 2786 lectione
817 2725 845 2785 si
869 2721 927 2786 tibi
947 2723 1091 2786 hodierni
1125 2723 1285 2804 sapientes
1307 2723 1594 2805 declamitaverint,
1623 2723 1700 2786 deos
1721 2723 1967 2788 Atheniensium
1990 2729 2080 2789 natos

322 2863 393 2907 esse
415 2847 577 2926 tamquam
598 2842 723 2906 fumum
744 2862 784 2905 ex
808 2843 930 2926 fulgore
953 2847 1007 2906 aut
1028 2847 1190 2924 tamquam
1212 2842 1346 2926 fungum
1369 2862 1411 2905 er
1432 2843 1553 2926 pluvia,
1569 2842 1699 2926 ridebis,
1722 2847 1749 2906 si
1770 2847 1805 2907 iu
1826 2865 1860 2908 re
1876 2863 1964 2908 sacra
1977 2846 2080 2908 ridere

322 2961 448 3048 poteris,
482 2966 533 3028 sin
562 2964 669 3026 minus
698 2965 857 3045 optionem
891 2981 1050 3045 propones
1084 2962 1256 3046 sacrilegae
1289 2961 1473 3025 absurditati
1504 2963 1589 3046 apud
1621 2964 1737 3027 inferos
1766 2968 1820 3028 aut
1843 2963 1922 3027 Ocni
1946 2965 2080 3028 asellum

321 3085 474 3169 pascendi
501 3087 555 3147 aut
578 3081 913 3166 Pyriphlegethoutem
942 3081 1043 3144 cribro
1074 3081 1256 3175 hauriendi,
1276 3083 1345 3164 ipse
1368 3085 1475 3144 antem
1496 3081 1700 3146 admiraberis
1718 3085 1868 3167 antiquos
1891 3085 1962 3148 illos
1983 3085 2081 3148 Athe-

322 3207 452 3270 nienses
482 3205 537 3286 qui
566 3195 761 3263 ἐνδείκνυνται
799 3196 835 3264 τὸ
872 3205 956 3288 ἔργον
989 3206 1043 3264 τοῦ
1069 3192 1159 3286 νόμον
1190 3195 1322 3288 γραπτὸν
1357 3203 1386 3262 ἐν
1413 3211 1479 3273 ταῖς
1507 3193 1639 3287 καρδίαις
1672 3199 1790 3282 αὐτῶν,
1821 3195 2082 3289 συμμαρτνρούσος

321 3327 377 3396 τῆς
398 3312 591 3393 συνειδήσεως
613 3321 664 3381 καὶ
684 3311 797 3404 μεταξύ
820 3310 962 3389 ἀλλήλοιν
983 3325 1046 3382 τῶν
1067 3324 1222 3407 λογισμῶν
1245 3311 1493 3407 κατηγορούντων
1514 3313 1536 3388 ri.
1556 3322 1606 3382 καὶ
1627 3319 1887 3408 ἀπολογουμένων.
1931 3327 1963 3386 at
1976 3324 2080 3387 hercle

321 3442 542 3525 difficillimum
567 3445 618 3512 ,est
645 3440 813 3505 emendare
834 3437 1011 3523 tragoedias
1034 3459 1114 3524 quas
1137 3447 1177 3503 -ut
1208 3441 1429 3525 intellegamus
1453 3441 1485 3502 iu
1506 3439 1602 3504 rebus
1625 3445 1656 3504 et
1678 3445 1776 3505 sacris
1799 3447 1830 3505 et
1851 3442 1989 3527 publicis
2011 3462 2082 3506 rer-

322 3567 385 3629 sari
407 3563 561 3627 debemus
582 3563 664 3625 sicut
686 3559 850 3643 cupatrida
873 3563 904 3622 et
920 3556 1115 3622 Eleusinius.
1150 3560 1283 3623 fortasse
1305 3579 1364 3624 uos
1387 3579 1515 3644 quoque
1534 3580 1654 3644 poenas
1677 3562 1823 3627 dabimus
1845 3563 2005 3646 audaciae,
2027 3563 2081 3627 sed

321 3681 458 3766 profecto
484 3700 549 3745 non
576 3683 646 3745 istis
676 3679 834 3744 iudicibus
867 3682 924 3764 qni
951 3679 1045 3742 hodie
1074 3697 1243 3742 censuram
1273 3697 1365 3762 agere
1392 3699 1427 3742 se
1458 3681 1611 3744 simulam
1641 3682 1718 3746 dum
1743 3685 1804 3766 ipsi
1826 3683 1951 3746 cottidie
1972 3656 2082 3746 emenss

322 3802 520 3866 datiunculas
557 3806 721 3886 procreant
760 3800 902 3864 bestiolis
938 3800 1003 3862 illis
1037 3797 1158 3863 similes
1184 3818 1263 3883 quas
1296 3793 1341 3862 in'
1362 3799 1495 3882 Hypani
1533 3801 1633 3866 fluvio
1669 3803 1780 3866 eadem
1815 3804 1887 3866 lnce
1926 3807 1957 3864 et
1993 3803 2082 3864 nasci

322 3921 427 3986 ferunt
448 3926 479 3984 et
500 3923 589 3987 mori.
631 3921 710 3984 istos
734 3921 836 4000 βιᾶται
857 3909 1019 3980 &adlata
1035 3912 1147 3980 Πειθὼ
1163 3909 1342 4004 Προβούλου
1364 3929 1431 3993 παῖς
1454 3913 1582 4007 ἄφερτος
1598 3915 1697 3995 Ἄτας.
1719 3913 1807 3995 Ἄκος
1822 3913 1857 3983 δὲ
1871 3926 1929 3984 πᾶν
1944 3912 2081 4007 μάταιον.

323 4039 378 4103 οὐκ
399 4031 543 4126 ἐκρύφθη,
566 4039 680 4126 Πρέπει
702 4031 737 4101 δὲ
761 4041 825 4124 φῶς
848 4034 1028 4123 αἰνολαμπές
1055 4039 1143 4111 πίνος.
1188 4037 1294 4101 Κακοῦ
1322 4029 1357 4100 δὲ
1377 4043 1496 4124 χαλκοῦ
1517 4031 1627 4127 τρόπον
1648 4041 1747 4128 Τρίβῳ
1771 4064 1806 4104 τε
1830 4043 1879 4102 καὶ
1904 4043 2083 4127 προσβολαῖς

323 4159 529 4246 Μελαμπαγὲς
555 4158 640 4222 πέλει
666 4158 858 4236 Δικαιωθείς,
889 4158 953 4220 ἐπεὶ
981 4148 1088 4219 Διιύκει
1115 4167 1184 4230 παῖς
1218 4151 1348 4220 ποτανὸν
1375 4151 1465 4245 ὄρνιν,
1505 4149 1604 4222 Πόλει
1629 4151 1817 4248 πρύστριμμα
1853 4162 1917 4234 θεὶς
1944 4153 2082 4246 ἄφερτον.

323 4283 418 4344 Λιτᾶν
449 4273 478 4343 δ’
505 4271 608 4343 ἀκούει
640 4279 693 4365 μὲν
722 4273 802 4353 ούτις
829 4283 925 4341 θεῶν·
955 4272 1009 4340 τὸν
1031 4270 1061 4338 δ’
1088 4278 1265 4364 ἐπίστροφον
1286 4269 1384 4341 τῶνδε
1408 4283 1499 4364 φῶτα
1521 4279 1593 4342 Δίκα
1615 4285 1762 4368 καθαιρεῖ.
1806 4279 1948 4344 Iustitiae
1973 4282 2001 4342 si
2022 4281 2082 4345 hoc

322 4403 391 4466 loco
419 4421 515 4464 suum
541 4399 730 4482 tribuimus,
758 4401 819 4463 Ate
850 4399 981 4462 fortasse
1011 4419 1076 4462 non
1103 4399 1328 4464 criminabitur*
1351 4402 1483 4465 alterum
1512 4403 1599 4466 hunc
1628 4402 1702 4464 Δίκα
1726 4393 1756 4464 δ’
1784 4400 1826 4464 ἐπ’
1853 4396 1930 4465 ἄλλο
1959 4407 2082 4488 πρᾶγμα

323 4512 451 4605 θηγάνει
472 4511 594 4602 Βλάβας
615 4516 698 4607 Πρὸς
714 4513 804 4593 Ἄτας
833 4511 979 4604 θηγάναις
1007 4511 1164 4606 μάχαιραν.
1207 4521 1357 4604 leguntur
1385 4521 1463 4585 haec
1490 4523 1523 4585 in
1545 4521 1656 4586 ultimo
1677 4525 1928 4608 Agamemnonis
1950 4524 2082 4605 caniiOO,

324 4644 362 4706 de
393 4662 456 4726 quo
483 4640 637 4704 habemus
667 4642 752 4724 quod
784 4641 936 4706 dicamus.
993 4645 1116 4705 constat
1145 4660 1187 4704 ex
1217 4640 1318 4705 tribus
1344 4642 1540 4726 stropharum
1562 4643 1697 4726 [paribus
1729 4663 1811 4727 quae
1846 4644 1960 4708 chorus
1984 4646 2081 4724 canit,

322 4762 453 4826 chorum
475 4761 621 4844 dicimus,
642 4781 716 4825 nam
738 4760 917 4826 Hennanni
938 4780 1012 4823 cum
1033 4761 1110 4824 haec
1131 4766 1199 4824 tum
1221 4761 1282 4825 alia
1296 4763 1379 4825 intcr
1397 4764 1542 4846 singulos
1557 4763 1723 4828 choraulas
1738 4765 1945 4848 disposcentis
1961 4785 2082 4829 errores

323 4885 416 4947 silere
446 4887 589 4967 praestat.
635 4884 728 4947 choro
756 4884 917 4965 anapaesti
936 4882 1205 4964 Clytaemnestrae
1232 4885 1444 4966 respondent,
1474 4903 1555 4968 quos
1585 4885 1670 4948 idem
1692 4885 1897 4950 Hermannus
1924 4886 2083 4950 consimili

324 5023 427 5069 errore
449 5005 692 5087 autishophicos
713 5002 867 5086 reddidit,
900 5005 991 5088 quasi
1014 5004 1276 5086 antistrophicum
1298 5023 1370 5068 osse
1399 5010 1507 5087 posset
1538 5025 1666 5070 carmen
1686 5008 1864 5070 recitationi
1886 5027 1949 5070 nou
1975 5007 2083 5070 cantui

324 5129 488 5208 scriptum,
510 5145 528 5188 ο
552 5127 694 5190 numeris
714 5129 864 5188 constans
886 5119 967 5185 κατὰ
986 5123 1087 5210 σχέσιν
1110 5127 1312 5188 continuatis.
1356 5126 1492 5190 lacunas
1513 5129 1609 5212 igitur
1629 5135 1660 5192 et
1681 5127 1940 5210 interpolationes
1965 5128 2083 5213 quibus
