4720 6004
1083 266 1337 338 ...12-

329 478 362 541 in
394 476 542 562 Scipione
567 479 709 562 haereat,
739 481 806 564 ipse
829 477 1017 544 Plutarchus
1043 480 1119 544 dum
1141 481 1179 545 ad
1201 483 1299 544 vitam
1323 482 1392 544 eius
1414 485 1563 565 provocat
1584 479 1764 564 Scipionem
1785 482 1924 566 primunr
1944 500 1982 544 ac
2004 499 2091 545 sum·

329 615 417 660 mum
440 595 657 662 Romanorum
679 603 770 663 vocat
792 598 836 680 (O.
861 599 988 664 Gracch.
1008 603 1067 684 10).
1118 602 1252 665 alterum
1280 604 1503 684 argumentum
1525 599 1707 685 suppeditat
1730 601 1924 684 epigramma
1946 599 2032 683 qued
2055 601 2090 662 in

330 721 432 782 statua
450 717 689 801 Epaminondae
710 693 811 783 titisse
825 718 1001 785 Pausanias
1024 722 1107 786 dicit.
1153 721 1254 786 videri
1276 725 1395 806 poterat
1417 721 1476 784 hoc
1495 721 1548 784 vel
1569 721 1637 803 ipse
1656 720 1865 803 descripsisse
1886 721 1939 784 vel
1959 720 2089 785 aliunde

329 836 499 920 addidisse,
520 857 594 900 narn
617 839 711 902 etiam
727 835 984 921 Philopoemenis
1000 841 1083 904 vitae
1104 860 1232 906 carmen
1254 840 1432 905 subiectum
1454 846 1501 904 est
1522 840 1606 924 quod
1628 861 1647 903 a
1667 838 1834 905 Plutarcho
1857 862 1923 906 nen
1944 844 2087 926 sumpsit.

329 956 385 1019 sed
413 959 553 1040 primum
584 977 713 1022 versum
745 961 841 1022 ctiam
863 957 1052 1024 Plutarchus
1081 959 1175 1024 hahet
1198 962 1354 1024 insertum
1382 961 1612 1024 dissertationis
1636 981 1699 1043 qua
1728 981 1769 1023 ne
1798 962 1939 1026 suaviter
1961 961 2089 1044 quidem

231 1159 234 1170 ρ
329 1076 506 1141 secundum
528 1077 700 1161 Epicurum
731 1080 799 1141 viri
827 1097 922 1160 posse
953 1079 1146 1142 demonstrat
1168 1081 1262 1164 capiti
1285 1081 1407 1144 docimo
1430 1085 1532 1145 sexto.
1578 1085 1681 1164 atque
1698 1082 1796 1166 copiis
1818 1080 1863 1143 ibi
1886 1099 1920 1144 se
1940 1081 1987 1144 uti
2009 1100 2089 1164 quas

328 1199 367 1261 ad
391 1200 472 1261 vitas
501 1217 576 1261 suas
604 1198 839 1282 componendas
870 1199 1010 1282 undique
1042 1199 1221 1284 conlegerat
1248 1203 1499 1264 consentaneum
1521 1205 1583 1282 est,
1610 1220 1683 1264 curn
1706 1203 1856 1264 continuo
1879 1204 1911 1264 et
1932 1202 2090 1284 epigram-

323 1321 421 1382 ·matis
451 1337 564 1382 versus
592 1321 743 1400 sequatur
770 1319 854 1401 quod
876 1338 894 1381 e
917 1317 1088 1383 Posidonio
1116 1325 1300 1403 excerptum
1324 1322 1361 1388 in
1382 1319 1522 1384 Marcelli
1543 1321 1608 1384 vita
1630 1322 1777 1405 proponit
1799 1325 1830 1384 et
1851 1320 2090 1404 Epaminondae

328 1439 566 1522 apophthegma.
618 1437 880 1522 apophthegmata
902 1459 943 1502 ex
965 1437 1125 1503 Plutarchi
1146 1441 1221 1503 vitis
1242 1443 1270 1502 is
1294 1458 1421 1523 quoque
1444 1442 1604 1523 excerpsit
1626 1443 1681 1524 qui
1702 1439 1869 1504 Plutarcho
1891 1440 2010 1505 librum
2031 1442 2090 1504 hoe

328 1560 456 1622 nemine
488 1559 676 1641 inscriptum
711 1560 889 1640 supposuit.
944 1560 1077 1623 alterum
1111 1561 1207 1643 igitur
1237 1564 1383 1624 tenemus
1412 1560 1654 1644 Epaminondae
1684 1559 1864 1624 Plutarchei
1895 1565 2090 1645 excerptum,

329 1679 414 1762 qued
437 1677 492 1741 ubi
513 1697 586 1742 cum
602 1676 762 1742 Pausania
784 1678 954 1742 contuleris
977 1699 1043 1742 une
1067 1699 1169 1761 eoque
1190 1681 1379 1762 gravissime
1401 1681 1470 1743 loce
1493 1681 1732 1743 adcuratissime
1753 1682 1933 1764 conspirare
1949 1681 2090 1745 animad-

327 1803 440 1860 vertes.
496 1798 732 1860 narratiuncula
758 1797 945 1861 duodecima
971 1798 1049 1861 haec
1076 1802 1125 1860 est
1151 1789 1237 1871 εἰδὼς
1268 1789 1303 1858 δὲ
1333 1793 1404 1872 τοὺς
1426 1789 1621 1885 Σπαρτιάτας
1643 1790 1878 1886 ἐπικρύπτεσθαι
1899 1795 2091 1862 τὰτοιαῦτα

329 1907 541 2004 συμπτώματα
564 1919 680 2002 (agitur
698 1918 736 1980 de
751 1937 860 2001 pugna
874 1916 1048 1997 Leuctrica)
1071 1919 1121 1979 καὶ
1144 1907 1322 2002 βουλόμενος
1347 1909 1502 2002 ἐξελέγξαι
1523 1913 1559 1981 τὸ
1584 1919 1715 2003 μέγεθος
1737 1923 1792 1993 τῆς
1815 1925 1967 2006 συμφορᾶς
1989 1919 2091 1982 αὐτῶν

326 2035 384 2122 οὐχ
409 2032 485 2122 ὁμοῦ
513 2042 586 2099 πᾶσι
615 2041 724 2124 νεκρῶν
750 2033 893 2123 ἀναίρεσιν
921 2034 985 2098 ἀλλ’
1013 2027 1150 2110 ἑκάστοις
1178 2031 1258 2098 κατὰ
1289 2027 1376 2099 πόλιν
1403 2029 1529 2116 ἔδωκεν,
1558 2036 1640 2101 ὥστε
1662 2040 1800 2114 πλείονας
1823 2035 1843 2110 ἢ
1866 2040 1980 2125 χιλίους
2001 2034 2091 2114 ὄντας

327 2154 460 2242 ὀφθῆναι
480 2151 553 2229 τοὺς
574 2148 828 2241 Λακεδαιμονίων.
871 2157 977 2241 paullo
999 2158 1155 2240 prolixius
1178 2154 1353 2221 Pausanias
1368 2157 1418 2220 IX
1442 2159 1481 2220 13
1504 2160 1541 2220 ll
1566 2150 1816 2244 Ἐπαμεινώνδας
1838 2153 1874 2221 δέ
1896 2152 2091 2246 ἐπιστάμενος

327 2271 369 2350 ὡς
397 2268 632 2364 ἐπικρύπτεσθαι
656 2271 712 2350 τοὶς
740 2271 891 2364 συμφορὰς
912 2275 958 2339 ἀεί
979 2300 1054 2340 ποτε
1079 2285 1105 2340 οἱ
1127 2269 1359 2363 Λακεδαιμόνιοι
1379 2270 1553 2363 πεφύκασιν,
1580 2283 1707 2364 ἔφασκεν
1733 2277 1876 2366 ἀναίρεσιν
1897 2285 1960 2342 τῶν
1982 2286 2091 2368 νεκρῶν

325 2396 476 2484 προτέροις
504 2395 604 2460 αὐτῶν
633 2388 747 2458 διδόναι
778 2407 839 2470 τοῖς
870 2389 1050 2483 συμμάχοις,
1082 2399 1129 2460 ἐπὶ
1156 2389 1191 2460 δὲ
1218 2398 1338 2470 ἐκείνοις
1358 2395 1544 2482 ἀνελομένοις
1566 2396 1648 2461 οὕτω
1671 2393 1813 2472 καὶτοὺς
1837 2392 2091 2486 Λακεδαιμονίους

326 2507 410 2590 ἠξίου
431 2507 561 2578 θάπτειν
582 2508 651 2587 τοὺς
673 2508 774 2576 αὐτῶν
797 2563 803 2574 .
827 2563 833 2576 .
858 2563 864 2576 .
886 2511 1039 2577 ἀπέθανον
1060 2507 1095 2577 δὲ
1117 2565 1123 2578 .
1148 2566 1154 2578 .
1178 2565 1184 2578 .
1208 2509 1454 2602 Λακεδαιμονίων
1476 2516 1578 2580 αὐτῶν
1599 2519 1716 2592 πλείους
1735 2515 1754 2588 ἦ
1775 2519 1875 2604 χίλιοι.

493 2634 679 2700 Poteramus
708 2635 808 2698 multa
840 2634 964 2716 addere,
991 2635 1091 2698 donec
1119 2639 1174 2698 aut
1202 2638 1292 2719 eopia
1320 2640 1374 2700 aut
1401 2637 1549 2700 voluntas
1578 2656 1636 2701 nos
1660 2636 1807 2700 deficeret
1827 2637 1994 2702 vobiscum
2016 2658 2090 2700 con-

326 2753 490 2819 fabulandi
521 2758 551 2818 et
581 2754 656 2838 quid
685 2756 720 2817 in
748 2757 812 2816 arte
842 2756 948 2818 nestra
973 2754 1121 2836 pulcrum
1150 2759 1235 2818 esset
1263 2755 1338 2838 quid
1369 2761 1461 2839 turpe
1489 2756 1565 2840 quid
1592 2758 1670 2820 utile
1694 2758 1770 2840 quid
1795 2777 1860 2822 non
1883 2758 2088 2821 edisserendi.

327 2874 522 2970 debebamus
550 2875 649 2938 multe
675 2875 766 2957 plura
792 2875 887 2938 otiam
916 2891 1013 2957 quam
1033 2892 1217 2957 possemus,
1246 2877 1351 2958 siper
1374 2874 1501 2958 singula
1522 2877 1654 2939 nomina
1676 2876 1826 2959 deinceps
1849 2878 1956 2940 omnia
1976 2875 2091 2940 Schoe-

327 2996 437 3058 manni
460 2997 576 3080 scripta
591 2995 853 3078 expenderemus
877 3003 910 3057 ut
925 2998 1082 3077 quatenus
1097 3014 1205 3057 veram
1221 2995 1306 3063 viam
1327 2999 1543 3077 monstrasset,
1559 3001 1715 3078 quatenus
1731 2997 1813 3060 ultra
1827 3016 1902 3060 eum
1918 3015 1968 3060 ars
1985 3001 2092 3060 nestra

327 3117 551 3198 processisset,
582 3117 650 3178 sive
679 3117 712 3176 in
742 3117 814 3178 avia
835 3119 943 3178 contra
964 3117 1034 3177 eius
1057 3115 1243 3197 excrnplum
1265 3115 1442 3178 deerrasset
1461 3117 1495 3178 in
1513 3115 1596 3179 clara
1617 3116 1689 3179 luco
1711 3117 1936 3180 conlocaretur.
1983 3119 2038 3181 sed
2060 3122 2091 3182 et

327 3238 411 3300 vires
434 3239 557 3300 nostras
580 3239 611 3298 et
633 3235 882 3298 commentarioli
906 3237 1043 3318 spatium
1066 3235 1125 3297 hoc
1148 3233 1323 3298 excederet.
1369 3253 1429 3296 nec
1451 3253 1530 3318 epus
1558 3239 1616 3310 est,
1661 3255 1743 3318 quac
1766 3235 1942 3299 virbonus
1969 3238 2002 3300 in
2025 3241 2090 3300 arte

328 3357 543 3440 promovenda
571 3358 655 3418 recte
684 3355 757 3417 facit
784 3375 822 3418 ea
852 3374 917 3418 nen
944 3375 999 3437 pro
1021 3357 1105 3418 vitae
1128 3355 1286 3418 humanae
1306 3353 1459 3417 brevitate
1483 3354 1538 3417 scd
1560 3373 1615 3436 pro
1638 3356 1713 3417 artis
1737 3354 1936 3438 longitudine
1958 3355 2088 3420 durant:

329 3470 438 3550 κακοὺς
467 3467 501 3536 δὲ
523 3479 645 3543 θνητῶν
666 3464 778 3560 tfia'pm'
806 3472 880 3536 ὅταν
902 3466 981 3559 τύχῃ
1003 3476 1123 3562 προθεὶς
1146 3465 1316 3559 κάτοπτρον
1339 3469 1419 3534 ὥστε
1441 3471 1581 3560 παρθένῳ
1605 3472 1656 3554 νέα
1677 3465 1789 3560 χρόνος.
1834 3475 2090 3540 Schecmaununr

327 3617 403 3661 voro
431 3598 635 3680 grammatica
661 3598 695 3657 in
730 3597 933 3660 universitate
965 3601 1072 3658 nostra
1100 3599 1261 3678 tamquam
1291 3591 1460 3678 ἀρχηγέτην
1483 3596 1533 3654 καὶ
1555 3594 1678 3665 κτίστην
1703 3615 1827 3680 semper
1849 3598 1937 3660 celet.
1993 3599 2089 3660 nolite

329 3718 483 3799 oblivisci,
508 3717 751 3795 commilitones
783 3736 878 3798 quarn
907 3736 1017 3780 recens
1046 3719 1079 3779 in
1106 3717 1328 3798 antiquissima
1358 3714 1417 3777 hac
1442 3714 1614 3777 litterarum
1639 3716 1713 3778 sede
1734 3717 1811 3780 hacc
1834 3721 1941 3781 nostra
1965 3739 2015 3782 ars
2040 3721 2088 3782 sit.

327 3838 491 3902 ardentem
514 3834 606 3898 nohis
628 3834 754 3896 tradidit
774 3833 952 3916 lampadem
975 3836 1030 3918 qui
1053 3834 1253 3897 accenderat:
1275 3853 1334 3897 nos
1357 3854 1399 3896 ne
1414 3837 1621 3917 extinguatur
1636 3838 1857 3917 providemus:
1879 3859 1938 3901 vos
1955 3841 2089 3903 eandem

326 3957 497 4041 aliqnando
520 3961 710 4038 excepturos
733 3974 805 4018 esse
827 3959 1036 4034 mementote,
1060 3959 1252 4017 mementote
1276 3953 1499 4020 Schoemanni.

493 4110 656 4176 Dabamus
677 4111 708 4175 N
710 4131 760 4175 on.
784 4111 854 4175 lun.
