4720 6004
1095 299 1320 368 ..8-

327 509 433 570 terirct
453 509 605 572 memoria
626 545 667 552 »-
691 509 721 570 id
745 510 894 572 uolumus
917 509 1062 572 acerbius
1084 511 1245 593 castigare.
1291 510 1340 571 hic
1363 510 1449 572 enim
1476 527 1553 570 usus
1577 509 1723 592 quamvis
1745 509 1877 571 minime
1902 523 1992 569 rarus
2015 524 2086 586 per-

328 646 422 710 saepe
445 627 496 690 vol
519 627 719 691 doctissimos
741 627 866 706 fefellit3
891 629 972 691 dixit
991 630 1030 692 do
1053 649 1090 692 oo
1111 629 1273 711 Hauptius
1297 649 1370 692 cum
1394 628 1469 691 alibi
1491 632 1558 691 tum
1581 629 1707 711 copiose
1730 625 1788 710 Op.
1813 648 1833 689 n
1856 629 1925 692 301.

493 743 555 821 Qui
577 747 774 828 Aeschylum
803 749 964 832 tetigimus
996 768 1036 811 ne
1067 749 1106 812 ab
1127 748 1260 812 Hennae
1283 749 1412 832 quidem
1438 768 1554 812 manus
1576 749 1785 812 continemus.
1831 749 1939 830 itaque
1960 745 2086 810 sacrile-

326 868 413 949 gium
427 864 607 929 clamabunt
619 869 674 949 qui
682 867 974 931 Alexandrinorum
985 871 1259 952 grammaticorum
1274 859 1469 955 παραδόσεως
1484 887 1555 932 sese
1570 868 1713 932 aedituos
1728 869 1852 930 iactant.
1874 866 2086 929 Alexandrini

326 983 581 1070 Pergamenique
603 991 810 1071 grammatici,
832 1008 850 1051 c
873 1009 1008 1072 quorum
1032 989 1173 1052 doctrina
1196 1007 1260 1050 uon
1282 984 1414 1049 Homeri
1437 989 1560 1049 tauhun
1583 984 1638 1047 sed
1661 985 1805 1048 omnium
1827 984 1957 1046 omnino
1978 987 2087 1065 poeta·

325 1125 397 1169 rum
420 1107 524 1170 studia
543 1108 691 1190 pendent,
713 1128 777 1172 non
800 1109 1062 1186 contradicerent,
1086 1109 1118 1170 hi
1140 1109 1307 1171 veterrima
1329 1108 1470 1170 carmina
1484 1107 1579 1170 ctiam
1602 1105 1786 1170 conicienda
1802 1102 2000 1168 emendanda
2014 1121 2085 1165 esse

327 1226 541 1306 crediderunt;
578 1230 730 1292 nimirum
770 1230 931 1312 ingentem
967 1229 1109 1292 fecerunt
1147 1230 1398 1294 coniecturarum
1435 1246 1619 1308 numerum,
1663 1225 1817 1290 bonarum
1853 1230 1885 1287 et
1920 1224 2082 1288 malarum.

327 1345 561 1428 elegantissimo
584 1347 755 1431 aliquando
778 1347 928 1411 Lehrsius
948 1349 1029 1412 dixit
1045 1349 1261 1412 Aristarchcos
1283 1367 1350 1411 non
1372 1366 1427 1410 eos
1450 1365 1520 1410 esse
1543 1349 1599 1431 qui
1620 1346 1793 1410 Aristarchi
1815 1344 1957 1409 doctrina
1977 1349 2086 1406 essent

328 1465 455 1544 initiati,
488 1466 544 1528 sed
577 1485 631 1530 eos
658 1486 738 1550 quos
769 1468 845 1530 olim
874 1487 1020 1531 summus
1050 1469 1149 1532 iudex
1178 1488 1212 1532 sc
1235 1473 1342 1532 contra
1363 1471 1448 1531 esset
1470 1471 1658 1530 statutunrs:
1688 1485 1747 1530 nos
1772 1465 1870 1548 igitur
1896 1461 2085 1527 confidimus

327 1584 544 1660 Aristarcheos
566 1587 600 1648 in
619 1587 795 1651 novissimo
817 1587 934 1650 iudicio
962 1587 1134 1652 iudicatum
1161 1590 1200 1651 iri
1222 1588 1441 1650 Aristarchum
1461 1593 1493 1650 et
1514 1586 1730 1664 Zenodotum,
1760 1585 1929 1650 Lehrsium
1951 1587 1982 1646 et
2003 1582 2086 1646 Bclr·

328 1699 447 1763 herum.
503 1719 563 1765 neo
590 1701 734 1766 Nauekio
762 1723 821 1767 sua
849 1705 941 1769 sedes
968 1706 1074 1768 doerit.
1129 1707 1185 1770 sed
1212 1709 1406 1790 quicumque
1439 1709 1472 1770 in
1504 1707 1602 1770 unius
1634 1708 1778 1770 utriusvis
1809 1706 2083 1789 grammaticorum

328 1818 442 1900 placita
469 1821 633 1903 iuraverit,
664 1828 718 1886 aut
744 1843 850 1888 rerum
870 1827 1061 1910 ignorationi
1083 1828 1264 1908 speciosum
1290 1845 1391 1889 novae
1416 1827 1638 1909 grammaticae
1662 1845 1779 1890 nomen
1801 1825 2027 1908 praetenderit,
2056 1825 2084 1887 is

327 1939 527 2004 dextrorsum
548 1945 667 2025 agetur,
689 1944 754 2006 nisi
768 1945 875 2026 potius
896 1946 1121 2009 sinistrorsum.

494 2059 522 2120 Ω
544 2063 616 2144 292,
637 2063 656 2124 3
681 2093 715 2112 =
738 2064 810 2146 310,
834 2066 861 2126 1.
885 2063 1019 2128 Hecuba
1040 2063 1202 2128 Priamum
1222 2063 1311 2128 iubet
1332 2085 1351 2126 a
1372 2063 1448 2127 Iove
1470 2065 1641 2148 augurium
1661 2069 1769 2145 petere

621 2186 698 2244 αἴτει
719 2175 750 2244 δ’
778 2179 880 2248 οἰωνὸν
900 2179 996 2270 ταχὺν
1015 2178 1146 2270 ἄγγελον
1167 2182 1200 2257 ὃς
1220 2182 1256 2245 τέ
1278 2189 1304 2245 οἱ
1326 2180 1410 2262 αὐτῷ

620 2303 764 2387 φίλτατος
784 2308 895 2365 οἰωνῶν
917 2305 967 2366 καί
990 2298 1023 2366 εὑ
1044 2295 1152 2390 κράτος
1175 2305 1238 2365 ἐστὶ
1260 2301 1411 2386 μέγιστον.

325 2422 438 2502 prioris
458 2441 573 2485 versus
595 2413 690 2507 ταχύν
710 2424 841 2487 fortasse
864 2425 923 2487 soli
946 2425 1078 2488 debetur
1100 2425 1298 2486 coniecturae
1322 2425 1416 2505 eique
1438 2441 1536 2486 serae.
1582 2443 1656 2486 nam
1674 2423 1750 2486 solis
1765 2421 1897 2486 debehrr
1911 2422 2084 2489 codicibus.

326 2543 434 2603 contra
456 2536 504 2604 ἑὸν
526 2535 655 2628 ἄγγελον
682 2543 777 2608 hahet
807 2543 950 2629 Papyrus
980 2546 1159 2611 Aristarcho
1191 2565 1255 2609 non
1287 2545 1387 2608 multo
1408 2544 1577 2624 recentior,
1605 2543 1809 2626 paraphrasta
1830 2543 1924 2607 homo
1948 2541 2083 2620 sobrius,

326 2657 514 2739 Apollonius
535 2657 710 2742 DyscoluS,
744 2641 911 2727 scholiasta
932 2662 1154 2728 Townleianus
1182 2685 1219 2727 eo
1248 2665 1452 2747 grammatico
1481 2664 1535 2746 qui
1566 2683 1599 2726 ιν
1620 2666 1706 2727 viros
1728 2664 1888 2746 excerpsit
1915 2664 2084 2746 antiquior,

326 2776 443 2840 codicis
465 2779 495 2840 A
521 2780 661 2844 scholion
686 2783 950 2868 intermarginale.
997 2786 1095 2850 nihilo
1123 2791 1231 2850 minus
1253 2786 1369 2850 falsum
1397 2789 1459 2866 est,
1487 2787 1649 2848 invectum
1681 2805 1722 2848 ex
1744 2806 1774 2847 ν.
1800 2786 1869 2848 296.
1915 2805 1945 2847 ν.
1968 2785 2029 2848 293
2052 2778 2084 2846 εὑ

326 2895 498 2978 paradosiS,
521 2917 625 2982 neque
644 2900 780 2964 multum
803 2903 887 2966 valet
908 2907 996 2967 varia
1018 2906 1109 2968 lectio
1131 2911 1158 2966 al
1181 2906 1231 2968 vel
1248 2905 1399 2969 Zenodoti
1421 2908 1499 2968 scita
1521 2908 1701 2968 coniectura
1723 2893 1765 2967 οὗ.
1810 2907 1844 2966 iu
1866 2904 1930 2968 fine
1952 2904 2085 2968 traditur

326 3013 467 3099 μέγιστον
481 3022 513 3080 et
525 3010 659 3103 μάλιστα
680 3021 790 3084 cadem
811 3023 875 3086 sere
897 3027 1095 3088 auctoritate:
1121 3026 1231 3090 eadem
1253 3027 1346 3088 ctiam
1366 3024 1566 3088 absurditate.
1612 3045 1685 3089 nam
1707 3027 1789 3089 sicut
1807 3015 1940 3109 μάλιστα
1962 3023 2082 3088 nullam

326 3135 419 3217 plane
447 3137 581 3200 admittit
607 3141 852 3222 explicationem
885 3146 1003 3228 (neque
1032 3164 1094 3229 quo
1129 3150 1218 3230 pacto
1254 3145 1394 3230 μέγιστον
1421 3148 1464 3209 ita
1497 3151 1679 3229 corruptum
1711 3149 1752 3208 sit
1783 3144 2008 3228 intellegimus)
2041 3144 2085 3205 ita

327 3255 469 3340 μέγιστον
503 3258 669 3341 dupliciter
702 3281 896 3342 perversum.
960 3264 1149 3330 arbitrantur
1188 3267 1231 3330 ibi
1272 3287 1405 3351 regnum
1444 3265 1615 3350 significari
1651 3265 1735 3348 quod
1769 3265 1909 3348 aquilam
1940 3266 1974 3327 in
2009 3283 2084 3327 aves

327 3395 475 3440 exercere
499 3377 596 3448 ¹nebia
619 3379 799 3462 Aeschylus
820 3386 943 3465 primus
969 3391 1118 3468 testatur,
1149 3389 1205 3451 scd
1226 3388 1394 3451 tradiderat
1421 3390 1491 3450 sine
1514 3386 1610 3449 dubie
1632 3388 1790 3476 Aesopus⁸
1803 3383 1964 3448 ladmonis
1988 3383 2085 3448 Samii

327 3515 439 3560 servus
462 3502 495 3560 et
515 3500 655 3582 antiquis
677 3501 792 3566 fabulis
814 3505 930 3569 adserit
954 3508 1192 3572 scholiastarum
1217 3509 1420 3572 doctissimus
1444 3505 1677 3570 lownlcianus.
1729 3509 1851 3588 poterat
1872 3506 1969 3588 igitur
1990 3505 2084 3567 etiam

326 3617 377 3679 hic
401 3622 494 3700 poeta
517 3637 624 3702 nesse,
645 3623 700 3686 sed
724 3642 788 3686 non
809 3629 929 3708 poterat
950 3629 993 3689 ita
1015 3630 1226 3711 pronuntiare.
1267 3617 1301 3690 οὗ
1330 3623 1366 3689 τὸ
1394 3619 1502 3713 κράτος
1528 3632 1591 3688 τῶν
1620 3631 1732 3688 οἰωνῶν
1758 3625 1853 3702 ἐστίν,
1880 3613 1904 3703 ᾧ
1927 3617 2002 3697 Ζεὺς
2023 3627 2086 3684 τῶν

327 3729 429 3797 ἄλλων
452 3739 603 3818 βασιλείαν
623 3735 734 3804 ἔδωκεν
768 3741 908 3829 ὀρνίθων,
939 3747 1001 3810 talo
1029 3748 1105 3831 quid
1137 3753 1330 3831 expectatur.
1380 3767 1486 3831 neque
1514 3750 1583 3812 siue
1606 3765 1702 3812 causa
1723 3751 1847 3810 veteres
1870 3743 2009 3807 fabulam
2027 3745 2086 3806 cir-

326 3858 576 3940 cumspiciebant
598 3881 661 3944 qua
679 3881 736 3925 cur
757 3862 843 3928 lovis
864 3867 928 3930 ales
951 3869 1058 3952 aquila
1081 3872 1166 3932 esset
1187 3873 1408 3952 exponeretur.
1454 3867 1569 3932 deinde
1590 3861 1622 3929 εὑ
1643 3868 1724 3930 male
1747 3866 1786 3930 ad
1808 3865 1948 3949 aquilam
1966 3865 2084 3944 referri,

327 3997 400 4041 cum
421 3985 448 4040 ci
469 3982 562 4044 modo
585 3979 694 4046 lovem
722 3985 943 4068 significasset,
973 3990 1036 4050 iam
1064 3987 1243 4052 'denodatus
1270 3990 1445 4051 rectissime
1475 3987 1640 4051 intellexit.
1686 4005 1841 4070 negamus
1865 3983 1961 4048 ullam
1984 3982 2085 4066 expli·

326 4099 483 4161 canonem
504 4100 628 4182 probari
650 4121 745 4184 posse
767 4107 845 4187 quin
866 4125 1039 4188 pronomen
1059 4106 1226 4191 utrobique
1242 4108 1376 4170 eandem
1391 4109 1482 4171 faciat
1504 4107 1681 4192 significare
1697 4125 1875 4190 personam.
1921 4123 1977 4168 cur
1999 4105 2085 4166 onim

328 4217 453 4281 nolebat
473 4221 576 4285 dicere
599 4228 654 4285 τοῦ
675 4225 725 4286 καὶ
746 4216 854 4310 κράτος
879 4227 943 4288 ἐστὶ
965 4225 1130 4311 μέγιστον’.)
1164 4248 1245 4312 quae
1272 4248 1345 4292 num
1372 4230 1416 4291 ita
1445 4229 1508 4290 sint
1529 4233 1560 4290 et
1583 4226 1725 4312 μέγιστον
1743 4230 1774 4288 et
1796 4216 1929 4308 μάλιστα
1951 4223 2086 4306 inperita

328 4334 418 4399 nohis
439 4338 588 4402 videntur
610 4359 721 4404 versus
743 4345 878 4407 mutilati
900 4347 1144 4429 complementa3
1172 4353 1204 4410 et
1230 4369 1325 4432 quam
1353 4350 1434 4413 male
1461 4348 1567 4412 hahita
1588 4349 1664 4410 hacc
1693 4347 1896 4428 potissimum
1918 4341 2085 4426 rhapsodia

326 4456 545 4541 (similiterque
568 4458 605 4538 Θ)
634 4462 861 4526 Menandriam
893 4468 1074 4547 pervenerit
1100 4466 1282 4550 t'requontcs
1311 4469 1386 4530 satis
1414 4466 1528 4530 ‹locont
1556 4466 1697 4561 lacunae.
1744 4463 1828 4546 (pared
1855 4463 1977 4546 placeat
2002 4460 2084 4522 lenis

326 4580 457 4641 nudatio
486 4582 665 4663 suppeditat
694 4585 743 4644 καί
770 4578 802 4644 εὑ
824 4586 960 4663 (sireni)
989 4581 1048 4648 aaa
1067 4579 1197 4672 κράατὸς
1219 4590 1283 4650 ἐστι
1306 4590 1375 4668 (311
1402 4588 1447 4648 σοί
1469 4587 1519 4649 vcl
1543 4589 1614 4664 σευ).
1658 4585 1797 4668 aquilam
1819 4585 1853 4645 in
1875 4581 1961 4645 lovis
1984 4583 2084 4664 capito

327 4698 488 4764 sedentem
515 4704 567 4766 vel
596 4706 700 4787 potius
730 4705 797 4767 Iovi
826 4709 1103 4788 supervolitantem
1127 4709 1355 4792 Aristophanes
1377 4725 1505 4790 quoquo
1524 4707 1596 4768 t'acit
1620 4705 1678 4766 Ar.
1705 4705 1765 4765 515
1788 4696 1804 4762 ὁ
1826 4696 1899 4775 Ζεὺς
1920 4694 1976 4786 γὰρ
1999 4693 2014 4761 ὁ
2037 4703 2085 4760 νῦν

327 4813 491 4903 βασιλεύων
512 4818 602 4887 ἀετὸν
622 4817 697 4910 ὄρνιν
718 4825 842 4895 ἕστηκεν
866 4830 945 4912 ’έχων
971 4829 1017 4889 ἐπὶ
1039 4834 1093 4901 τῆς
1116 4833 1257 4914 κεφαλῆς.
1305 4829 1422 4911 ineptis
1452 4825 1570 4909 quihus
1599 4825 1651 4887 hic
1682 4826 1750 4907 ipse
1778 4842 1890 4886 versus
1917 4824 2085 4903 temptatur

326 4942 515 5006 coniecturis
537 4966 602 5009 non
624 4953 673 5008 cst
693 4967 750 5010 cur·
770 4948 1029 5031 respondeamus.

491 5066 719 5148 Aristophanes
742 5067 884 5130 Athenas
913 5087 972 5134 nes
1000 5068 1146 5150 dcdurit,
1180 5089 1217 5130 ιιι·
1243 5067 1332 5130 nefas
1363 5067 1401 5128 dc
1424 5067 1642 5128 Schocmauno
1664 5064 1850 5146 loquentem
1871 5062 1917 5124 rei
1939 5058 2084 5142 publicae

325 5183 568 5249 Atheniensium
592 5207 656 5250 uon
679 5186 785 5251 libare.
830 5188 1067 5253 memorabilem
1088 5189 1183 5272 igitur
1204 5208 1314 5251 vocem
1339 5205 1434 5269 quam
1455 5205 1556 5268 nuper
1579 5203 1620 5246 ex
1643 5181 1801 5290 lapidibus
1822 5181 1935 5243 Atticis
1956 5197 2085 5262 stagera
