4720 6004
730 909 818 1020 ΙΙΙ.
891 909 1169 1022 SCHOthl
1207 907 1590 1022 urbicorum.

837 1153 866 1222 1)
884 1148 1156 1208 rnoressolturr
1176 1149 1485 1208 ouelululoaurr.

885 1308 944 1376 Da.
967 1307 1001 1371 F.
1027 1293 1183 1392 euolat,
1204 1331 1232 1378 r.
1256 1331 1284 1375 r.
1308 1329 1336 1374 o.
1360 1329 1427 1372 nec.

443 1457 469 1538 Ι)
492 1455 623 1522 Publice
645 1461 684 1524 de
703 1463 917 1527 tumoribus
941 1463 1075 1526 disseret
1096 1463 1147 1526 dte
1163 1463 1227 1526 lov.
1253 1464 1318 1526 hor.
1342 1462 1395 1526 VI.
1421 1501 1460 1508 —
1487 1460 1529 1540 ΙΙ)
1553 1459 1706 1524 Privatim
1731 1460 1758 1538 1)
1781 1459 2038 1542 pathologiam

276 1582 311 1640 et
332 1578 539 1660 therapiam
561 1582 775 1662 generalem
798 1583 1049 1646 adiuncturus
1071 1583 1300 1646 anatomiam
1315 1582 1593 1664 pathologieam
1608 1578 1823 1663 generalem
1840 1578 1940 1642 uacet
1953 1576 2035 1640 dieb.

276 1695 354 1760 Lun.
382 1697 474 1761 llere.
503 1697 569 1761 Iov.
592 1699 673 1763 Van.
694 1701 758 1763 hor.
777 1702 821 1780 V3
857 1703 886 1780 2)
902 1721 1053 1764 cursum
1075 1703 1288 1766 anatomiae
1311 1705 1344 1764 et
1372 1700 1636 1784 physiologiae
1662 1698 1929 1784 pathologioao
1957 1718 2039 1782 pra-

276 1819 414 1880 cticum
438 1819 583 1882 instituet
603 1819 685 1884 dieb.
708 1819 788 1884 Lun.
814 1826 844 1884 et
866 1819 932 1884 Iov.
955 1821 1020 1884 hor.
1045 1819 1121 1904 XII,
1141 1820 1222 1884 dieb.
1245 1821 1340 1884 Mero.
1366 1825 1397 1884 et
1420 1821 1480 1884 Sat.
1504 1821 1568 1883 hor.
1593 1817 1673 1880 VIII
1695 1821 1726 1881 et
1748 1816 1805 1880 IX.

884 2006 941 2071 Da.
966 2006 1110 2071 IULIUS
1132 2006 1289 2090 BUDGE,
1311 2029 1338 2071 Ρ.
1362 2029 1389 2072 Ρ.
1411 2027 1438 2072 ο.

442 2157 468 2237 Ι)
490 2157 621 2222 Publice
641 2160 680 2224 de
703 2163 856 2243 organis
879 2181 1060 2226 sensuum
1082 2163 1217 2226 disseret
1238 2163 1289 2226 die
1305 2161 1386 2225 Ven.
1411 2161 1474 2224 her.
1498 2159 1556 2223 IX.
1580 2199 1619 2206 -
1638 2159 1680 2239 ΙΙ)
1696 2158 1847 2223 Privatim
1866 2160 1893 2238 1)
1909 2161 2039 2222 anato-

277 2278 371 2340 miae
394 2279 560 2362 corporis
585 2279 736 2343 humani
758 2285 901 2363 partem
915 2283 1075 2364 primam
1089 2282 1189 2345 tradet
1204 2281 1284 2344 dieb.
1302 2279 1383 2346 Lun.
1398 2280 1486 2344 licut.
1503 2280 1598 2344 llere.
1624 2279 1688 2344 lov.
1707 2280 1771 2343 hor.
1787 2278 1853 2358 IX3
1877 2281 1910 2362 2)
1926 2296 2038 2341 exer-

276 2400 480 2462 citationes
502 2402 734 2464 anatomicos
757 2401 971 2465 moderabitur
996 2402 1110 2466 cotidie
1132 2403 1196 2465 hor.
1220 2400 1262 2464 X.
1287 2399 1345 2463 XI.
1367 2399 1407 2462 Π.
1432 2399 1488 2466 ΙΙΙ.

855 2587 913 2653 Da.
936 2587 977 2652 Η.
1000 2589 1032 2652 (Ι.
1056 2591 1095 2653 A.
1119 2585 1314 2670 Pusulae,
1334 2607 1362 2651 Ρ.
1386 2607 1413 2650 Ρ.
1435 2607 1462 2650 o.

442 2738 467 2819 Ι)
491 2737 622 2803 Publice
655 2744 899 2822 operationes
929 2745 967 2806 in
999 2743 1239 2826 phantomato
1269 2741 1531 2806 instituendas
1563 2737 1774 2803 moderabitur
1802 2736 1853 2800 die
1880 2735 1942 2798 Sat.
1973 2735 2038 2797 hor.

276 2857 349 2920 Xll.
366 2897 407 2904 —
432 2858 473 2938 Η)
496 2857 647 2924 Privatim
672 2862 701 2940 1)
722 2861 761 2924 de
788 2861 929 2925 morbis
947 2864 1149 2926 muliorum
1170 2863 1304 2927 disseret
1325 2861 1406 2926 dieb.
1430 2861 1510 2925 bun.
1535 2863 1567 2924 ot
1589 2860 1654 2923 lor.
1679 2859 1745 2922 hor.
1770 2855 1850 2936 Xll;
1878 2859 1909 2936 2)
1930 2875 2040 2920 excr-

275 2981 480 3042 citationes
502 2981 663 3043 clinicas
694 2985 729 3045 et
759 2982 1004 3063 policlinicas
1031 2983 1352 3068 gynaeeologicas
1385 2979 1814 3045 moderabIturdieb.lIa1t.
1839 2978 1932 3042 llere.
1957 2975 2039 3040 Ven.

275 3099 340 3161 hor.
364 3097 440 3180 XII,
463 3103 575 3164 ceteris
598 3100 711 3164 diebus
731 3102 796 3166 hor.
822 3101 910 3166 VHI.

905 3269 963 3335 Ila.
986 3268 1049 3335 PR.
1073 3269 1253 3352 mosaha,
1281 3293 1308 3335 Ρ.
1330 3293 1357 3336 Ρ.
1379 3291 1406 3335 o.

440 3419 465 3502 l)
489 3420 621 3484 Publice
642 3422 681 3486 de
702 3424 872 3508 laryngis
895 3424 1031 3488 morbis
1053 3426 1186 3490 disseret
1209 3427 1308 3490 semel
1329 3427 1395 3489 lior.
1420 3423 1507 3487 Vlll.
1533 3462 1573 3471 -
1602 3422 1643 3502 ΙΙ)
1668 3421 1820 3486 PrivatIm
1852 3423 1882 3500 Ι)
1906 3420 2039 3504 patho-

274 3541 398 3624 logiae
422 3545 458 3603 et
478 3542 673 3624 therapiao
696 3548 839 3625 partem
861 3544 1019 3608 alteram
1041 3547 1343 3610 exercitationes
1366 3545 1530 3608 clinicas
1564 3543 1767 3608 additurus
1799 3541 1924 3606 docebit
1956 3539 2038 3602 dieb.

274 3661 353 3724 Lun.
381 3661 468 3724 llam.
493 3658 559 3724 Iov.
584 3661 648 3723 hor.
673 3660 764 3740 VIII3
809 3664 839 3742 2)
863 3663 903 3727 do
922 3664 1161 3748 diagnostice
1189 3666 1348 3748 physica
1378 3670 1451 3749 aget
1478 3663 1528 3727 bis
1558 3683 1587 3746 p.
1616 3664 1645 3725 h.
1675 3662 1738 3725 bor.
1763 3659 1825 3738 1x3
1871 3663 1900 3741 3)
1932 3679 2041 3724 excr-

274 3784 477 3846 citationes
500 3782 661 3844 clinicus
685 3785 720 3843 ot
740 3781 985 3866 policlinicas
1007 3785 1174 3848 medicas
1204 3785 1417 3850 moderabitur
1443 3783 1525 3847 dieb.
1548 3782 1629 3846 Lun.
1654 3781 1742 3846 Mart.
1765 3780 1831 3845 Iov.
1857 3779 1938 3844 Van.
1966 3779 2040 3842 inde

276 3901 315 3965 ab
338 3903 402 3966 hor.
426 3901 476 3965 IX
498 3922 572 3965 cum
594 3901 714 3983 dimid,
733 3905 866 3988 reliquis
889 3903 1002 3968 dicbus
1023 3906 1098 3969 indo
1122 3905 1160 3968 ab
1183 3905 1247 3968 hor.
1272 3903 1304 3968 X
1329 3924 1432 3987 usque
1455 3904 1494 3967 ad
1515 3903 1582 3966 hor.
1600 3900 1666 3965 Xl..

918 4089 976 4154 Da.
1001 4089 1034 4154 O.
1057 4087 1243 4171 flueren,
1265 4111 1292 4154 Ρ.
1317 4111 1344 4154 Ρ.
1371 4110 1397 4155 e.

441 4242 468 4322 Ι)
489 4242 620 4307 Publice
643 4245 687 4307 dc
707 4245 995 4328 operationibus
1020 4245 1205 4326 incapite
1233 4245 1486 4308 instituendis
1516 4245 1651 4308 disseret
1680 4243 1761 4307 dieb.
1787 4243 1879 4308 llere.
1905 4248 1935 4306 et
1959 4243 2040 4312 Van.

275 4364 339 4425 hor.
363 4361 418 4424 IV.
443 4401 484 4409 —
517 4363 560 4443 ΙΙ)
590 4363 743 4428 Privatim
780 4366 808 4446 Ι)
841 4367 1071 4450 chirurgiam
1103 4365 1323 4448 generalem
1348 4365 1448 4428 tradet
1470 4363 1551 4428 dieb.
1581 4363 1660 4428 Len.
1685 4364 1772 4428 llart.
1798 4364 1863 4429 Iov.
1889 4365 1953 4428 hor.
1977 4363 2036 4442 IV3

275 4487 305 4562 2)
324 4485 622 4546 exercitationes
643 4486 805 4549 olinieas
827 4489 862 4548 ct
883 4485 1126 4570 policlinicas
1150 4484 1387 4568 chirurgicos
1410 4485 1623 4549 moderabitur
1644 4485 1726 4548 dieb.
1752 4483 1829 4548 laun.
1856 4484 1943 4547 Mart.
1971 4483 2037 4547 lov.

274 4603 354 4667 Ven.
379 4605 443 4666 hor.
468 4603 501 4666 X
524 4609 555 4667 ot
577 4605 684 4668 dimid.
707 4625 811 4688 usque
833 4605 871 4668 ad
893 4604 958 4668 hor.
983 4603 1058 4686 XII,
1081 4603 1162 4667 dieb.
1182 4603 1275 4668 Mero.
1293 4609 1325 4668 ct
1340 4604 1401 4668 Sat.
1416 4605 1490 4668 indo
1507 4604 1545 4668 ab
1563 4605 1626 4668 hor.
1644 4603 1694 4668 Xl
1710 4625 1813 4690 usque
1829 4607 1868 4669 ad
1881 4606 1946 4669 hor.
1965 4604 2037 4668 llll.

905 4790 964 4855 Da.
988 4789 1021 4854 L.
1046 4789 1243 4873 LANDOIS,
1272 4813 1298 4854 r.
1323 4813 1349 4854 Ρ.
1376 4812 1402 4855 o.

438 4943 465 5025 Ι)
487 4944 619 5009 Publice
641 4946 941 5029 disquisitiones
963 4951 1000 5008 et
1018 4946 1306 5030 physiologicas
1328 4951 1364 5010 et
1381 4946 1635 5030 histologicas
1660 4965 1788 5010 eorum
1809 4947 2041 5010 commilito-

273 5085 374 5140 num,
396 5068 460 5148 qui
481 5067 516 5129 in
541 5068 598 5128 his
613 5064 729 5129 rebus
745 5067 817 5128 iam
833 5068 952 5150 magis
967 5070 1114 5130 versati
1130 5072 1233 5148 sunt,
1256 5065 1470 5131 moderabitur
1485 5067 1599 5129 cotidie
1616 5068 1679 5130 hor.
1698 5067 1756 5130 def.
1775 5106 1812 5112 -
1831 5065 1872 5146 ΙΙ)
1887 5066 2040 5132 Privatim

271 5187 538 5272 physiologiae
555 5186 871 5270 experimentalis
887 5191 1029 5270 partem
1041 5188 1205 5271 priorem
1219 5185 1345 5251 docebit
1354 5187 1435 5251 dieb.
1447 5186 1622 5250 Lunllart.
1632 5187 1723 5252 llere.
1732 5186 1883 5252 IovVen.
1892 5187 2037 5252 horXIl.
