4720 6004
1051 284 1280 353 ..9-

285 498 378 560 iussit
399 495 614 561 Kirchboffius
635 497 746 561 leviter
766 497 966 562 obscuratam
989 497 1186 562 ostendimus
1216 499 1250 562 in
1274 516 1369 562 aureo
1391 495 1429 561 de
1449 494 1523 560 um.
1546 496 1776 562 Arnaamssrvu
1799 498 1915 562 libello.
1962 500 2046 582 prin-

285 616 404 698 cipium
432 617 562 680 alterius
588 618 700 698 capitis
730 637 795 681 non
821 620 923 701 potest
955 616 1143 700 reprehendi
1178 619 1221 681 ita
1252 619 1403 700 seriptum
1433 611 1469 680 τὸ
1502 609 1536 679 δὲ
1564 611 1718 680 ὁπλιτικὸν
1742 615 1859 696 αὐτοῖς,
1892 615 1907 680 ὃ
1934 613 2045 688 ἥκιστα

285 727 370 798 δοκεῖ
389 729 422 798 εὖ
445 739 523 821 ἔχειν
537 727 711 812 Ἀθήνησιν,
743 734 824 798 οῦτοι
857 736 1045 808 καθέστηκε·
1077 741 1139 799 τῶν
1169 736 1222 821 μὲν
1244 737 1395 823 πολεμίων
1415 734 1526 810 ἥττους

284 845 424 929 ὄλείζους,
450 858 513 916 τῶν
534 845 569 916 δὲ
591 845 768 940 συμμάχων,
788 859 816 916 el'
836 853 955 941 φέρουσι
976 850 1030 918 τὸν
1050 847 1156 944 [φόρον
1180 857 1230 918 καὶ
1243 851 1337 918 ’κατὰ
1358 861 1414 942 γῆν
1434 846 1588 943 κράτιστοί
1611 862 1689 919 εἰσιν.
1734 859 1822 941 prius
1844 859 2044 922 enuntiatum

283 974 471 1038 lacunosum
494 993 565 1036 esse
586 979 672 1038 ratus
696 980 745 1038 cst
760 975 984 1058 Kirehheffius‚
1007 980 1042 1039 ut
1063 980 1111 1039 est
1132 978 1165 1039 in
1185 976 1268 1038 haue
1286 975 1477 1040 medicinam
1500 975 1605 1059 paullo
1627 979 1830 1059 propensior:
1854 997 1913 1041 nes
1930 977 2045 1042 vitium

283 1094 473 1156 sustulimus
488 1093 590 1157 deleto
612 1095 663 1155 καί
686 1095 770 1178 quod
791 1097 823 1158 in
847 1094 1009 1159 codicibus
1033 1099 1081 1158 cst
1103 1099 1174 1179 post
1195 1094 1378 1172 nautor-nae,
1400 1095 1529 1159 ultimae
1546 1095 1684 1176 syllabae
1700 1098 1916 1184 dittographia.
1964 1119 2044 1182 quae

267 1189 435 1278 'secuntur
458 1214 512 1279 diu
535 1219 583 1308 est
605 1235 646 1278 ex
670 1235 732 1298 que
755 1215 980 1293 emendantur,
1009 1234 1124 1298 magno
1146 1214 1325 1295 molimine,
1356 1213 1460 1276 fructu
1483 1213 1588 1292 nullo;
1613 1233 1687 1276 nam
1709 1205 1840 1288 ὀλείζους
1863 1215 2045 1280 faciendum

283 1351 354 1396 esse
377 1352 417 1396 cx
442 1324 557 1418 μείζους
579 1306 674 1399 demo
697 1340 815 1418 peterat
836 1336 945 1398 ridere
968 1339 1138 1417 antequam
1158 1335 1296 1397 Atticam
1318 1333 1398 1397 hane
1420 1352 1531 1397 vocem
1555 1353 1627 1398 esse
1654 1336 1802 1398 constitit.
1843 1339 1952 1398 centra
1972 1355 1982 1398 1
2005 1337 2044 1398 14

282 1459 383 1539 μειοῦν
418 1455 540 1518 alienae
570 1455 769 1518 coniecturae
799 1454 969 1518 obsecutus
998 1456 1072 1518 huic
1106 1455 1248 1539 scriptori
1276 1454 1434 1517 concessit
1461 1453 1690 1518 Kirchhoffius:
1722 1474 1781 1517 uos
1811 1453 2043 1538 Xenophonteo

282 1574 437 1640 vocabulo
459 1575 739 1658 Archeptclemum
769 1573 908 1658 aliquem
939 1577 993 1637 aut
1014 1573 1196 1656 Lycurgum
1224 1592 1319 1636 usum
1346 1592 1417 1636 esse
1445 1592 1609 1656 negamus
1655 1574 1831 1638 intruditis
1853 1577 1959 1638 autem
1980 1575 2045 1661 περὶ
2076 1629 2078 1632 .

281 1686 317 1756 δὲ
345 1699 408 1756 τῶν
439 1685 606 1780 συμμάχων
634 1690 683 1756 ὅτι
707 1693 883 1766 ἐκπλέοντες
914 1697 1161 1778 συκοφαντοῦσιν,
1190 1687 1230 1766 ὡς
1252 1685 1389 1770 δοκοῦσι,
1413 1693 1463 1754 καὶ
1484 1699 1603 1778 μισοῦσι
1624 1688 1695 1767 τοὺς
1715 1685 1863 1780 χρηστούς
1893 1713 1958 1758 nen
1978 1697 2042 1759 tam

282 1819 398 1898 μισοῦσι
418 1815 563 1898 displicet
585 1834 680 1898 quam
701 1815 842 1878 modeste
865 1814 917 1876 vel
940 1815 1046 1895 potius
1067 1812 1202 1876 absurde
1224 1813 1366 1876 additum
1389 1806 1429 1887 ὡς
1450 1804 1581 1875 δοκοῦσι.
1626 1813 1835 1896 adumbravit,
1857 1818 1893 1878 ut
1908 1814 2043 1898 videtur,

281 1938 413 2018 scriptor
440 1955 568 1999 causam
598 1937 676 1998 socii
698 1935 736 1998 ad
759 1934 913 1997 iudicium
935 1935 1076 1997 Atticum
1098 1933 1231 1998 delatam
1256 1936 1305 1996 καὶ
1329 1937 1547 2019 συκοφαντοῦσι
1569 1935 1619 1995 καὶ
1642 1925 1784 1996 διώκουσι
1806 1936 1856 1997 καί
1878 1932 2042 2020 ἀτιμοῦσιν.

280 2057 404 2120 lacunis
429 2055 676 2120 Kircbheffianis
705 2057 803 2118 careri
828 2059 935 2138 potest
957 2075 966 2116 1
990 2057 1030 2118 10
1050 2054 1107 2118 ubi
1128 2055 1206 2118 haec
1230 2054 1320 2118 nobis
1343 2059 1426 2117 certe
1449 2055 1628 2138 perplacent
1651 2060 1675 2117 εἰ
1696 2046 1784 2139 νόμος
1803 2047 1838 2126 ἦν
1860 2049 1914 2117 τὸν
1935 2047 2044 2117 δοῦλον

280 2169 336 2238 ύπὸ
365 2180 420 2237 τοῦ
449 2173 609 2262 ἐλευθέρου
638 2166 810 2237 τύπτεσθαι
835 2170 854 2244 ἀι
882 2169 936 2237 τὸν
959 2174 1100 2258 μέτοικον
1120 2168 1139 2243 ἦ
1161 2169 1215 2237 τὸν
1237 2166 1452 2261 ἀπελεύθερον,
1479 2166 1626 2249 πολλάκις
1647 2171 1684 2235 ἀν
1705 2176 1816 2248 οἰηθεὶς
1839 2166 1948 2237 δοῦλον
1970 2172 2043 2238 εἶναι

280 2289 333 2356 τὸν
358 2292 517 2364 Ἀθηναῖον
548 2285 695 2368 ἐπάταξες
720 2289 763 2356 ἀν.
815 2295 939 2358 cedices
969 2295 1080 2368 οἰηθεὶς
1110 2290 1182 2356 εἶναι
1208 2289 1262 2356 τὸν
1280 2293 1437 2364 Ἀθηναῖον
1460 2287 1568 2356 δοῦλον
1590 2285 1738 2368 ἐπάταξεν
1759 2287 1803 2356 ἄν.
1847 2297 2043 2359 mutavimus

280 2414 450 2480 verborum
471 2415 623 2494 ordinem,
643 2419 674 2478 et
697 2417 844 2498 quamvis
866 2436 885 2478 a
907 2415 1091 2478 difficillima
1113 2415 1356 2478 medicinalem
1377 2415 1574 2498 refugiamus
1595 2418 1701 2478 tamen
1718 2415 1805 2478 alteri
1821 2415 1890 2479 loeo
1907 2415 2042 2480 eandem

280 2532 490 2598 adhibendam
512 2553 584 2597 esse
606 2533 802 2598 arbitramur.
836 2535 910 2596 118
932 2536 1011 2597 civis
1041 2536 1148 2598 socius
1175 2535 1297 2618 cogitur
1325 2533 1410 2619 plebi
1430 2535 1620 2599 Atheniensi
1649 2535 1769 2598 adulari
1795 2525 1973 2622 γιγνώσκων
1994 2533 2042 2598 ὅτι

279 2645 327 2716 δεῖ
346 2645 526 2739 ἀφικόμενον
543 2645 690 2727 Ἀθήναζε
712 2646 795 2724 δίκην
816 2646 918 2715 δοῦναι
943 2655 993 2715 καὶ
1014 2655 1116 2735 λαβεῖν
1138 2651 1193 2715 οὐκ
1215 2655 1245 2715 ἐν
1266 2647 1369 2728 ἄλλοις
1391 2655 1466 2716 τισὶν
1488 2650 1552 2716 ἀλλ’
1580 2655 1610 2714 ἐν
1631 2659 1676 2736 τῷ
1699 2647 1800 2742 δήμῳ,
1830 2651 1868 2728 ὅς
1890 2654 1974 2716 ἐστι
1996 2646 2041 2724 δὴ

278 2765 393 2858 νύμος
410 2764 607 2850 Ἀθήνησι,
628 2775 678 2835 καὶ
700 2771 893 2855 ἀντιβολῆσαι
915 2765 1119 2858 ἀναγκάζεται
1141 2775 1251 2848 ἐντοῖς
1273 2766 1471 2861 δικαστηρίοις
1492 2776 1542 2838 καὶ
1557 2765 1697 2849 εἰσιόντος
1712 2797 1766 2836 του
1782 2766 2041 2860 ἐπιλαμβάνεσθαι

278 2899 332 2968 τῆς
362 2885 467 2982 χειρὸς.
520 2914 601 2978 quac
633 2895 862 2958 elementorum
889 2895 1064 2958 intervallis
1092 2895 1298 2958 distinximus
1319 2894 1475 2959 vocabula
1496 2897 1530 2959 in
1552 2895 1649 2959 finem
1674 2897 1848 2959 sententiae
1870 2896 2042 2960 traicienda

279 3035 350 3080 osse
373 3016 526 3099 particula
547 3005 585 3079 δά
608 3015 756 3099 explicite
776 3017 899 3095 menet,
924 3035 986 3097 qua
1006 3034 1073 3077 non
1094 3015 1198 3098 legem
1218 3014 1344 3098 puhhce
1368 3016 1521 3079 sancitam
1541 3009 1597 3078 scd
1619 3014 1755 3079 abusum
1777 3034 1881 3098 paene
1903 3017 1937 3080 in
1959 3017 2040 3101 legis

278 3137 416 3219 speeiem
439 3135 655 3200 dominantem
683 3139 854 3220 perstringi
875 3135 1100 3199 manifestatur.
1151 3136 1296 3220 proxima
1321 3136 1534 3221 paragraphus
1556 3129 1732 3219 genuinam
1754 3138 1870 3200 veteris
1893 3137 2040 3201 Atthides

276 3254 420 3318 εῦπίνειαν
447 3257 540 3320 refert
570 3259 624 3332 sic¹
645 3261 758 3341 scripta
786 3255 971 3342 ἐμελέτησαν
1000 3247 1035 3318 δὲ
1064 3261 1092 3317 ot
1118 3254 1172 3341 μὲν
1192 3259 1295 3318 πλοῖον
1317 3257 1514 3341 κυβερνῶντες
1538 3246 1771 3317 asisinatae·
1795 3261 1824 3318 ol
1844 3247 1879 3317 δὲ
1899 3256 2040 3319 ἐντεῦθεν

278 3378 324 3438 ἐπὶ
351 3367 479 3463 τριήρεσι
510 3376 714 3456 κατέστησαν,
744 3383 770 3440 οἱ
794 3369 851 3461 [δὲ]
880 3379 988 3439 πολλοὶ
1018 3368 1148 3439 ἐλαύνειν
1175 3371 1266 3451 εὐθὺς
1287 3370 1350 3462 [ὡς]
1381 3372 1436 3438 οἷοί
1467 3398 1501 3438 τε
1527 3377 1672 3446 <είσὶν>
1700 3365 1850 3456 εἰσβάντες
1880 3377 1930 3460 [εἰς
1957 3377 2037 3463 ναῦς]

277 3494 332 3559 ἅτε
360 3497 390 3557 ἐν
421 3497 509 3558 παντὶ
537 3501 582 3578 τῷ
610 3496 662 3577 βίῳ
692 3489 998 3583 προμεμελετιικότες.
1051 3492 1092 3572 ὡς
1120 3500 1182 3562 iam
1210 3497 1421 3562 leorrclavlus
1449 3497 1624 3568 deleverat:
1655 3497 1728 3558 εἰσίν
1753 3497 1864 3560 deesse
1895 3503 2037 3562 senserat

277 3617 547 3698 Waehsmutbius,
570 3619 625 3700 qui
649 3619 733 3701 qued
756 3609 845 3692 εὐθύς
874 3623 944 3680 εἰσιν
966 3613 1076 3680 οἷοίτε
1099 3617 1254 3682 scribebat
1275 3617 1372 3680 verba
1394 3618 1518 3681 soloece
1541 3615 1733 3681 conlocabat.
1778 3622 1854 3681 sunt
1873 3619 2038 3700 conpluria

275 3739 336 3802 alia
364 3758 446 3823 quae
475 3739 510 3801 iu
542 3737 600 3800 hoc
627 3738 734 3801 libello
759 3739 947 3802 emendasse
974 3738 1067 3802 nobis
1089 3740 1245 3821 videmur,
1267 3737 1322 3801 sed
1344 3739 1530 3820 seponimus
1548 3757 1601 3801 ea:
1631 3740 1750 3801 terrent
1770 3739 1905 3821 vestigia
1927 3757 2037 3803 eorum

276 3859 332 3941 qui
360 3862 433 3941 post
452 3855 683 3920 Kirchheffium
711 3854 783 3919 libri
815 3858 1034 3941 sospitatorem
1065 3857 1127 3921 hue
1150 3863 1361 3922 accesserunt.
1415 3858 1645 3922 emendationis
1670 3861 1917 3922 instrumentum
1941 3878 2037 3942 quac-

274 3978 411 4042 rendum
435 3987 493 4058 est,
516 3978 666 4061 quoniam
689 3995 746 4058 per
766 3977 885 4040 litteras
901 3978 998 4040 Attici
1014 3979 1170 4040 semronis
1185 3978 1326 4041 nondum
1345 3978 1498 4041 rhetorice
1513 3977 1609 4041 fucati
1624 3977 1758 4040 alterum
1773 3997 1838 4040 nen
1854 3979 2036 4061 accepimns

275 4099 512 4178 documentum,
535 4116 576 4160 er
598 4094 765 4178 lapidibus.
812 4096 868 4179 qui
891 4095 1027 4160 describi
1049 4098 1150 4180 coepti
1173 4099 1333 4161 santiam
1356 4120 1389 4162 ru
1412 4103 1444 4162 et
1464 4117 1486 4160 ιι
1509 4119 1535 4162 a.
1560 4097 1628 4161 Chr.
1654 4097 1796 4178 saeculo,
1823 4101 1917 4180 atquc
1941 4115 2037 4182 quae·'

274 4237 411 4300 cumque
440 4236 482 4280 ex
510 4219 580 4281 eius
607 4218 718 4281 aetatis
746 4216 958 4280 conlectaneis
985 4222 1156 4301 supersunt
1177 4217 1353 4301 fragmenta
1374 4223 1410 4281 ut
1432 4218 1574 4282 conlecta
1598 4218 1703 4280 denuo
1726 4220 1758 4280 et
1779 4217 1945 4281 emendata
1964 4239 2036 4301 pre-

274 4342 434 4420 ponantur
461 4339 635 4420 optandum
659 4342 714 4400 est.
766 4336 873 4421 legum
904 4356 1063 4401 sacrarum
1089 4338 1263 4422 fragmenta
1290 4358 1355 4402 uno
1379 4339 1508 4402 nemine
1531 4357 1589 4402 nes
1613 4357 1728 4422 augere
1754 4357 1850 4420 pesse
1871 4337 2033 4402 laetamur.

274 4458 371 4541 vulgo
402 4459 484 4520 inter
512 4457 677 4521 historicos
703 4458 808 4522 icrunt
831 4456 1055 4522 Themisonem
1079 4456 1252 4522 Pallenidis
1281 4461 1474 4542 scriptorem.
1518 4459 1680 4522 hominem
1700 4461 1845 4543 ignotum
1869 4477 1940 4522 esse
1962 4479 2036 4522 con·

274 4575 425 4656 sentiunt,
448 4574 487 4637 de
508 4575 580 4638 libri
602 4578 809 4659 inscriptione
832 4577 958 4641 diversa
980 4579 1273 4642 comminiscuntur.
1320 4598 1401 4664 quae
1423 4580 1523 4643 missa
1548 4580 1680 4642 facimus
1702 4580 1777 4664 quia
1797 4579 1865 4664 ipse
1887 4577 2037 4644 Themiso

273 4694 391 4760 librarii
414 4715 517 4759 errore
533 4701 707 4780 prognatus
722 4701 780 4777 est,
801 4695 940 4760 Pallenis
957 4717 1029 4762 vero
1045 4698 1122 4760 nihil
1138 4697 1223 4761 aliud
1238 4697 1395 4782 significat
1409 4698 1472 4762 nisi
1487 4700 1596 4760 notam
1610 4701 1709 4760 terrae
1725 4699 1848 4761 Atticae
1862 4699 2035 4782 regionem.

273 4816 457 4879 Athenaeus
488 4818 575 4880 enim
607 4837 640 4880 vr
659 4819 720 4880 235
749 4819 919 4900 scripserat
948 4810 1118 4902 Κλείδημος
1146 4810 1173 4879 δ’
1202 4819 1232 4879 ἐν
1260 4822 1298 4900 τῇ
1318 4811 1435 4880 Ἀτθίδι
1461 4819 1531 4903 φησί
1554 4811 1627 4879 “aod
1654 4807 1811 4904 παράσιτοι
1835 4809 1862 4878 δ’
1886 4812 2037 4903 ᾑρέθησαν

272 4939 318 5014 τῷ
338 4929 509 5022 Ἠρακλεῖ.”
548 4938 597 4998 καὶ
620 4935 779 5022 θέσμιον
800 4928 830 4998 δ’
851 4939 881 4998 ἐν
904 4930 1075 5008 Παλληνίδι
1092 4932 1325 5023 ’ἐπιμελεῖσθαι
1347 4929 1381 4998 δὲ
1403 4931 1455 5000 τὸν
1478 4935 1604 5018 βασιλέα
1626 4931 1679 5000 τὸν
1701 4933 1746 4998 ἀεὶ
1770 4928 1965 5018 βασιλεύοντα
1987 4938 2037 4998 καὶ

272 5046 342 5126 τοὺς
368 5053 547 5139 παρασίτους
579 5052 627 5128 οὓς
653 5052 688 5116 ἀν
717 5056 751 5116 ἐκ
778 5060 841 5116 τῶν
869 5047 973 5142 δήμιον
995 5062 1211 5145 προσαιρῶνται
1233 5063 1356 5144 (προαιρ.
1379 5059 1489 5135 codex)
1513 5059 1563 5119 καὶ
1584 5052 1653 5130 τοὺς
1673 5056 1816 5144 γέροντας
1837 5059 1886 5118 καὶ
1909 5051 1964 5131 τάς
1983 5081 2036 5142 γυ-

272 5183 374 5248 ναῖκας
406 5169 461 5248 τὰς
489 5165 719 5260 πριυτοποσεις.”
775 5177 873 5242 alium
902 5197 944 5240 ox
973 5177 1146 5243 Pallenidis
1173 5180 1388 5242 monumentis
1418 5178 1544 5240 titulum
1575 5177 1680 5262 paullo
1707 5183 1779 5241 ante
1801 5198 1843 5242 ex
1864 5177 2035 5244 Polemone

1810 5289 1827 5344 2
