4720 6004
1035 306 1255 373 .-7.-

272 533 351 601 opus
380 519 429 580 est
458 515 497 580 ad
527 517 610 580 hanc
635 516 826 579 sententiam
854 515 1093 580 sustentandam
1124 517 1228 581 valere
1257 516 1414 579 iubemus.
1461 515 1516 579 sed
1537 515 1625 578 alteri
1647 514 1845 597 stropharum
1862 517 1930 598 pari
1952 513 2027 576 sub·
2137 515 2140 522 '

271 638 415 700 iunctum
434 641 483 699 est
503 635 722 720 ephymnium‚
744 639 894 698 constans
916 654 957 699 ex
979 636 1197 700 interiectione
1212 637 1293 698 intra
1309 655 1513 701 numerorum
1528 636 1798 698 continuationem
1813 653 1878 698 non
1892 637 2027 717 recepta,

272 755 451 838 anapaestis
473 753 603 839 aliquot,
622 751 761 836 denique
784 755 894 835 paucis
911 753 1079 837 logaoedis.
1117 753 1221 817 simile
1236 759 1376 835 systema
1393 758 1526 838 primam
1543 755 1701 840 stropham
1719 755 1864 837 sequitur
1879 757 2027 817 constans

272 893 314 939 ex
334 875 562 952 interiectione,
587 873 776 957 anapaestis,
802 872 972 956 logaoedis,
990 860 1113 938 iambis.
1157 877 1280 938 tertiam
1307 876 1446 958 denique
1472 893 1537 938 uon
1559 874 1714 938 dissimile
1742 875 1879 957 excipit,
1900 869 1955 936 sed
1977 872 2029 934 hic

271 995 445 1058 interiectio
468 997 503 1057 in
523 996 711 1077 anapaestos
731 995 858 1076 recepta
879 995 937 1069 ost,
960 1012 1097 1076 quorum
1119 1013 1273 1058 numems
1293 995 1392 1059 multo
1407 997 1516 1074 maior,
1538 995 1676 1077 denique
1692 993 1874 1078 logaoedica
1887 991 2029 1056 membra

272 1114 346 1194 duo,
367 1113 539 1178 iambicum
571 1132 682 1177 unum.
728 1111 827 1176 nihilo
856 1123 962 1176 tamen
984 1115 1089 1177 secius
1112 1113 1307 1179 Godofredus
1327 1114 1534 1179 Hormanuus
1558 1117 1740 1180 auctoritate
1761 1133 1821 1178 sna
1840 1079 1973 1196 per‘vint
1994 1115 2030 1174 ut

272 1233 349 1296 haec
370 1233 454 1296 inter
474 1251 510 1296 se
531 1231 723 1314 respondere
744 1231 945 1295 crederentur
965 1236 996 1294 et
1017 1236 1053 1296 ut
1072 1233 1301 1316 responderent
1322 1235 1561 1298 violentissimis
1582 1233 1810 1298 mutationibus
1832 1237 2026 1316 cogerentur.

272 1353 346 1416 talia
373 1352 508 1416 rehrtare
538 1357 623 1415 esset
645 1352 746 1416 otiosi.
792 1355 867 1414 sunt
888 1355 1009 1434 primae
1032 1355 1207 1436 tertiaeque
1236 1357 1386 1438 syzygiae
1409 1355 1598 1437 ephymnia‚
1632 1353 1772 1416 iteranda
1792 1358 1864 1436 post
1884 1351 2034 1416 autistr0·'

270 1473 361 1555 phos,
382 1473 415 1536 in
437 1470 599 1536 codicibus
621 1471 721 1535 semel
743 1471 867 1554 scripta,
889 1472 974 1553 quod
996 1473 1035 1535 do
1051 1471 1196 1556 Cyclopis
1219 1471 1410 1556 Euripideao
1430 1474 1547 1557 parodo
1573 1473 1784 1538 Kirohhoffius
1805 1472 1945 1550 monuit;
1968 1471 2030 1534 alia

271 1590 419 1674 exempla
440 1591 525 1654 idern
544 1592 578 1653 in
593 1589 745 1671 Aeschyli
761 1588 967 1673 Choephoron
990 1593 1119 1654 stasimo
1142 1611 1244 1674 paene
1265 1593 1386 1675 ultimo,
1409 1595 1441 1656 in
1458 1593 1673 1658 Eumenidum
1696 1595 1798 1674 primo
1821 1596 1894 1656 aute
1909 1591 2030 1675 aliquot

271 1729 372 1774 annos
393 1713 504 1774 amicis
525 1711 798 1788 commonstravit3
824 1727 929 1792 neque
951 1710 1010 1774 hoc
1030 1711 1225 1795 diligentiam
1248 1714 1318 1775 cius
1334 1712 1485 1796 effugisse
1500 1713 1667 1776 credimus.
1713 1715 1842 1794 inpetus
1858 1711 1945 1775 chori
1966 1729 2029 1793 quo

272 1828 386 1894 tumidi
406 1829 673 1911 Clytaemnestrae
696 1831 796 1894 animi
817 1832 938 1894 sensim
966 1832 1208 1913 restinguuntur
1236 1831 1336 1894 donec
1366 1833 1493 1896 sceleris
1519 1851 1588 1896 eam
1610 1833 1773 1914 poeniteat
1793 1850 1879 1894 neruo
1901 1829 2029 1894 demum

273 1951 395 2034 ingenti
419 1969 478 2013 sua
504 1952 536 2014 vi
564 1950 724 2035 praeditus
755 1957 811 2014 ost.
857 1950 943 2034 quod
969 1953 1003 2013 in
1036 1951 1146 2016 ultimo
1176 1952 1348 2035 ophymoio
1377 1972 1471 2016 nemo
1502 1971 1565 2016 non
1590 1953 1703 2018 sentiet
1724 1951 1922 2032 Aeschyleae
1944 1969 2030 2014 accr-

270 2070 375 2137 bitatis
396 2073 526 2154 peritus.
569 2074 738 2154 inprime,
760 2073 912 2154 quoniam
934 2070 1046 2134 tradita
1060 2071 1152 2134 lectio
1169 2069 1266 2135 simul
1281 2076 1329 2134 ost
1342 2071 1547 2154 restituenda,
1568 2071 1761 2136 docebimus.
1807 2072 1918 2152 incipit
1933 2071 2031 2153 igitur

272 2192 386 2255 chorus
406 2191 579 2275 planctum,
612 2193 695 2256 vitae
719 2210 754 2253 se
776 2191 901 2254 taedere
924 2211 998 2256 cum
1020 2193 1219 2273 Agamemno
1240 2210 1295 2274 per
1325 2191 1490 2256 mulierem
1513 2191 1634 2272 obierit,
1656 2195 1702 2254 tot
1723 2192 1884 2254 aerumnis
1906 2195 2031 2273 propter

270 2311 437 2376 mulierem
463 2313 639 2378 exantlatis.
685 2312 857 2396 ephymnio
878 2310 1004 2375 Helena
1024 2312 1208 2393 devovetur,
1239 2331 1334 2394 quam
1362 2303 1644 2398 παρετυμσλσγίζων
1669 2312 1744 2374 dicit
1766 2304 1853 2397 Ἔριν
1874 2301 2031 2396 ἐρίδματον

271 2423 375 2517 ἀνδρὸς
403 2422 481 2505 οἰζύν
506 2433 615 2495 tuisse
661 2433 828 2496 remittitur
853 2434 897 2496 ita
924 2433 1021 2495 lector
1049 2431 1087 2495 ad
1117 2433 1310 2515 superiorem
1339 2432 1563 2516 etymologiam
1592 2429 1710 2506 ίλέναυς
1732 2421 1843 2515 ἑλόνωρ
1866 2427 2030 2506 laterata,

270 2555 365 2634 atque
394 2549 438 2614 ibi
469 2569 596 2634 quoquc
622 2553 741 2616 Achaei
771 2553 810 2618 ad
839 2553 1000 2615 Simoenta
1021 2549 1222 2633 adpellebant
1249 2542 1287 2612 δι’
1312 2545 1398 2638 Ἔριν
1419 2543 1622 2635 αἱματόεσσαν
1645 2553 1731 2632 (hinc
1754 2552 1849 2614 etiam
1870 2549 2031 2632 profectus
2115 2559 2121 2574 ¹

272 2668 442 2751 Euripides
461 2667 619 2733 Helenam
634 2663 719 2756 Ἔριν
739 2668 862 2730 Δαναῶν
883 2669 965 2732 dixit
986 2670 1019 2731 in
1034 2667 1177 2734 Helenae
1199 2674 1320 2734 cantico
1345 2673 1429 2754 quod
1451 2691 1553 2756 nuper
1573 2673 1754 2736 restitutum
1776 2677 1825 2734 est
1843 2671 1877 2733 in
1892 2667 2031 2732 Hermae

272 2789 333 2851 vol.
354 2809 410 2852 xrv
431 2809 460 2872 p.
486 2789 567 2870 180).
614 2788 862 2870 Clytaemnestra
884 2807 949 2851 uon
970 2786 1169 2871 habet-quod
1194 2795 1339 2873 opponat,
1366 2791 1429 2854 nisi
1452 2794 1487 2852 ut
1507 2793 1602 2874 neget
1621 2789 1764 2853 Helenae
1787 2791 1910 2850 tantiam
1932 2783 2031 2848 fuisse

271 2908 403 2972 facinus.
449 2913 480 2973 at
503 2910 633 2991 chorus,
662 2911 754 2992 quasi
781 2928 846 2972 non
869 2908 1010 2971 audisset
1038 2910 1144 2991 illam,
1177 2909 1364 2975 daemonem
1393 2913 1519 2974 invocat
1541 2911 1597 2993 qui
1620 2908 1801 2972 Atridarum
1823 2907 1953 2988 domum
1974 2924 2032 2987 per

272 3030 442 3094 mulierum
463 3030 596 3094 nimiam
617 3031 791 3112 potentiam
811 3029 958 3092 everterit

275 3150 356 3212 1473
567 3150 614 3212 ἐπὶ
637 3140 673 3210 δὲ
694 3139 835 3234 σώματος
857 3140 943 3212 δίκαν
965 3139 1091 3234 κόρακος
1110 3150 1222 3235 ἐχθροῦ
1245 3153 1368 3225 σταθεὶς
1390 3143 1519 3236 ἐννόμως

654 3265 743 3352 ὕμνον
761 3261 858 3352 ὑμνεῖν
877 3257 1039 3352 ἐπεύχεται
1064 3272 1238 3354 <νεκρῶν>

540 3379 608 3465 “rd,

275 3507 355 3570 1455
565 3497 710 3592 παράνους
729 3500 851 3584 'Euan
874 3507 926 3591 μία
946 3500 1002 3580 τόις
1022 3497 1146 3584 πολλάς,
1169 3500 1225 3578 τὰς
1241 3497 1316 3570 πάνυ
1338 3500 1453 3579 πολλὰς
1474 3501 1571 3590 ψυχὰς
1593 3504 1709 3570 όλὲσαό
1736 3500 1793 3569 ὑπὸ
1817 3505 1918 3593 Τροία,

566 3630 615 3688 νῦν
635 3625 740 3690 τέλεον
761 3617 972 3710 πολύμναστον
993 3625 1144 3694 ἐπηνθίσω

275 3745 354 3808 1461
567 3735 603 3808 δι’
630 3740 688 3830 αἷμ’
717 3738 854 3808 ἄνιπτον·
875 3737 895 3816 ἦ
917 3769 962 3819 τις
981 3736 1017 3814 ἦν
1038 3735 1101 3807 τότ’
1130 3746 1160 3808 ἐν
1180 3735 1284 3828 δόμοις
1301 3737 1386 3832 Ἔρις
1405 3736 1561 3832 ἐρίδματος
1589 3735 1693 3829 ἀνδρὸς
1714 3733 1816 3816 nitria?

274 3865 354 3926 1475
454 3863 521 3928 KA.
565 3867 614 3926 νῦν
634 3856 803 3951 luiponem
828 3856 981 3950 στόματος
1000 3856 1122 3952 γνώμην
1143 3866 1206 3926 κτέ.

272 3984 398 4068 adparet
424 4004 511 4048 nunc
540 3985 668 4049 demum
696 3987 813 4050 iustam
841 4005 913 4050 esse
942 3988 1171 4052 sententiarum
1200 3987 1481 4050 continuationem.
1527 3985 1639 4069 repetit
1670 3982 1784 4045 chorus
1813 3983 2031 4066 ephymnium,

271 4123 383 4170 verum
407 4106 450 4170 ita
470 4109 590 4169 utnon
613 4106 790 4171 suaverba
817 4108 882 4170 sint
915 4107 970 4170 sed
997 4107 1170 4172 daemonis.
1216 4125 1303 4170 nuuc
1327 4105 1579 4186 Clytaemnestra
1599 4105 1778 4168 consentire
1800 4107 1917 4186 potest,
1944 4122 2032 4166 rinno

272 4215 400 4310 ἐννόμως
425 4225 503 4290 illud
530 4247 557 4290 v.
585 4227 665 4290 1473
695 4226 823 4290 tandem
852 4227 919 4290 vim
950 4245 1042 4292 suam
1071 4228 1199 4310 accipit:
1233 4245 1320 4290 nune
1349 4225 1581 4310 intellegimus,
1613 4225 1698 4308 quod
1726 4227 1818 4287 antea
1846 4243 1945 4288 sensu
1967 4227 2033 4287 orat

272 4364 410 4426 cassum,
435 4346 624 4412 daemonem
646 4366 711 4412 non
735 4347 921 4429 simpliciter
942 4347 1005 4412 dici
1025 4348 1174 4414 naeniam
1194 4367 1323 4426 cauere,
1356 4347 1412 4410 sed
1433 4365 1470 4409 eo
1492 4346 1619 4428 gloriari
1643 4345 1728 4429 quod
1751 4346 1820 4407 iure
1842 4348 1935 4405 canat
1949 4361 2032 4405 nao-

271 4466 365 4530 niam.
420 4469 516 4548 atquc
537 4487 611 4530 cum
633 4473 727 4532 autea
748 4487 812 4532 non
834 4469 904 4532 sinc
926 4469 1031 4552 specie
1053 4469 1121 4532 veri
1147 4468 1186 4530 de
1207 4466 1393 4550 antistrophi
1415 4467 1592 4550 integritate
1614 4463 1790 4527 dubitatmn
1813 4463 1863 4542 sit,
1891 4480 1950 4524 uos
1972 4464 2033 4524 tra

270 4584 335 4649 dita
362 4603 527 4648 servamus
557 4586 679 4665 omnim
710 4587 858 4651 lacunam
888 4585 1088 4650 manifestam
1119 4605 1161 4648 ex
1187 4605 1250 4650 usu
1278 4585 1451 4668 Euripidae
1481 4585 1701 4670 explevimus,
1731 4584 1785 4648 sed
1819 4582 1899 4646 nihil
1930 4585 2033 4666 potest

272 4703 428 4768 adfirmari
458 4705 523 4768 nisi
556 4705 754 4770 intercidisse
783 4706 868 4790 quod
897 4706 936 4768 do
970 4705 1088 4786 hymno
1117 4705 1361 4790 praedicaretur.
1413 4705 1507 4769 etiam
1535 4705 1569 4766 iu
1598 4703 1770 4786 ophymnio
1800 4703 1911 4767 tradita
1942 4703 2033 4765 rosti-

271 4824 393 4888 tuimus
417 4825 541 4902 omnim
573 4826 791 4890 tantummodo
814 4825 869 4890 ubi
892 4847 951 4892 nos
974 4825 1079 4888 τέλεον
1100 4831 1198 4892 metro
1220 4825 1373 4890 suadente
1397 4823 1542 4888 dedimus
1565 4822 1688 4886 codices
1709 4813 1745 4884 bi
1767 4823 1885 4884 τελείαν
1906 4822 2033 4899 habent,

272 4945 425 5025 particula
447 4950 591 5027 proterve
620 4947 814 5030 interpolata,
845 4967 918 5011 cum
941 4947 1133 5011 antecedens
1163 4945 1364 5028 participium
1386 4943 1425 5010 ad
1448 4945 1627 5008 vocativum
1650 4943 1828 5027 adpositum
1852 4961 1923 5005 esse
1945 4943 2033 5007 vido·

272 5067 366 5128 retnr.
413 5083 487 5128 narn
510 5064 595 5147 quod
615 5062 759 5129 librarios
776 5067 876 5150 latuit,
897 5069 1093 5148 Aeschylum
1116 5089 1156 5131 ex
1179 5065 1276 5132 verbo
1299 5065 1451 5135 ἐπηνθίσω
1472 5064 1611 5148 suppleri
1635 5063 1775 5128 voluisse
1798 5061 2030 5128 substantivum

274 5177 381 5264 ἄνθος,
409 5189 443 5248 ut
474 5203 532 5266 per
552 5187 744 5269 sanguinem
767 5205 831 5250 non
855 5187 1028 5254 eluendum
1051 5187 1182 5254 ultimus
1200 5175 1267 5252 'flos
1289 5185 1465 5252 effloruisse
1495 5184 1750 5267 intellegeretur,
1776 5185 1868 5248 cuius
1892 5201 1963 5248 sero
1985 5183 2033 5247 in-
